id,last_price,volume,server_time,source
1,777006000.0,85.02,2024-02-13 11:55:20.416960,indodax
2,777007000.0,85.04,2024-02-13 11:56:46.524299,indodax
3,777006000.0,85.04,2024-02-13 11:56:47.725623,indodax
4,777006000.0,85.04,2024-02-13 11:56:48.885314,indodax
5,777006000.0,85.04,2024-02-13 11:56:49.931607,indodax
6,777007000.0,85.04,2024-02-13 11:56:51.033628,indodax
7,777006000.0,85.04,2024-02-13 11:56:52.110168,indodax
8,777006000.0,85.04,2024-02-13 11:56:53.199017,indodax
9,777007000.0,85.04,2024-02-13 11:56:54.297921,indodax
10,777007000.0,85.04,2024-02-13 11:56:55.439049,indodax
11,777007000.0,85.04,2024-02-13 11:56:56.482115,indodax
12,777007000.0,85.04,2024-02-13 11:56:57.578109,indodax
13,777007000.0,85.04,2024-02-13 11:56:58.668427,indodax
14,777007000.0,85.04,2024-02-13 11:56:59.735334,indodax
15,777006000.0,85.04,2024-02-13 11:57:00.839504,indodax
16,777006000.0,85.04,2024-02-13 11:57:01.929372,indodax
17,777006000.0,85.04,2024-02-13 11:57:03.022283,indodax
18,777006000.0,85.05,2024-02-13 11:57:04.148899,indodax
19,777006000.0,85.04,2024-02-13 11:57:05.216820,indodax
20,777006000.0,85.05,2024-02-13 11:57:06.268229,indodax
21,777006000.0,85.05,2024-02-13 11:57:07.396239,indodax
22,777006000.0,85.05,2024-02-13 11:57:08.451628,indodax
23,777006000.0,85.05,2024-02-13 11:57:09.544282,indodax
24,777006000.0,85.05,2024-02-13 11:57:10.597704,indodax
25,777006000.0,85.05,2024-02-13 11:57:11.714888,indodax
26,777006000.0,85.05,2024-02-13 11:57:12.885570,indodax
27,777006000.0,85.05,2024-02-13 11:57:13.968842,indodax
28,777006000.0,85.05,2024-02-13 11:57:15.104620,indodax
29,777006000.0,85.05,2024-02-13 11:57:16.172631,indodax
30,777006000.0,85.05,2024-02-13 11:57:17.340396,indodax
31,777006000.0,85.05,2024-02-13 11:57:18.395992,indodax
32,777006000.0,85.05,2024-02-13 11:57:19.458881,indodax
33,777007000.0,85.05,2024-02-13 11:57:20.573148,indodax
34,777007000.0,85.05,2024-02-13 11:57:21.700129,indodax
35,777006000.0,85.05,2024-02-13 11:57:22.781164,indodax
36,777007000.0,85.05,2024-02-13 11:57:23.826224,indodax
37,777007000.0,85.05,2024-02-13 11:57:24.886004,indodax
38,777007000.0,85.05,2024-02-13 11:57:25.939973,indodax
39,777007000.0,85.05,2024-02-13 11:57:26.996286,indodax
40,777007000.0,85.05,2024-02-13 11:57:28.172168,indodax
41,777007000.0,85.05,2024-02-13 11:57:29.261100,indodax
42,777007000.0,85.05,2024-02-13 11:57:30.322763,indodax
43,777007000.0,85.05,2024-02-13 11:57:31.389586,indodax
44,777007000.0,85.05,2024-02-13 11:57:32.458549,indodax
45,777007000.0,85.05,2024-02-13 11:57:33.609138,indodax
46,777007000.0,85.05,2024-02-13 11:57:34.738466,indodax
47,777007000.0,85.05,2024-02-13 11:57:35.811302,indodax
48,777007000.0,85.05,2024-02-13 11:57:36.930215,indodax
49,777007000.0,85.05,2024-02-13 11:57:38.015834,indodax
50,777007000.0,85.05,2024-02-13 11:57:39.108389,indodax
51,777007000.0,85.05,2024-02-13 11:57:40.221026,indodax
52,777007000.0,85.05,2024-02-13 11:57:41.301080,indodax
53,777007000.0,85.05,2024-02-13 11:57:42.434769,indodax
54,777007000.0,85.05,2024-02-13 11:57:43.555431,indodax
55,777007000.0,85.05,2024-02-13 11:57:44.654732,indodax
56,777007000.0,85.05,2024-02-13 11:57:45.798947,indodax
57,777007000.0,85.05,2024-02-13 11:57:46.954482,indodax
58,777007000.0,85.05,2024-02-13 11:57:48.025724,indodax
59,777007000.0,85.05,2024-02-13 11:57:49.174388,indodax
60,777007000.0,85.05,2024-02-13 11:57:50.268444,indodax
61,777007000.0,85.05,2024-02-13 11:57:51.460372,indodax
62,777007000.0,85.05,2024-02-13 11:57:52.581123,indodax
63,777007000.0,85.05,2024-02-13 11:57:53.703272,indodax
64,777007000.0,85.05,2024-02-13 11:57:54.757146,indodax
65,777007000.0,85.05,2024-02-13 11:57:56.066275,indodax
66,777007000.0,85.05,2024-02-13 11:57:57.195234,indodax
67,777007000.0,85.05,2024-02-13 11:57:58.312760,indodax
68,777007000.0,85.05,2024-02-13 11:57:59.430083,indodax
69,777007000.0,85.05,2024-02-13 11:58:00.480050,indodax
70,777007000.0,85.05,2024-02-13 11:58:01.588193,indodax
71,777007000.0,85.05,2024-02-13 11:58:02.658571,indodax
72,777007000.0,85.05,2024-02-13 11:58:03.722779,indodax
73,777007000.0,85.05,2024-02-13 11:58:04.795478,indodax
74,777007000.0,85.05,2024-02-13 11:58:05.904062,indodax
75,777007000.0,85.05,2024-02-13 11:58:07.031203,indodax
76,777007000.0,85.05,2024-02-13 11:58:08.091355,indodax
77,777007000.0,85.05,2024-02-13 11:58:09.161227,indodax
78,777007000.0,85.05,2024-02-13 11:58:10.216996,indodax
79,777007000.0,85.05,2024-02-13 11:58:11.320617,indodax
80,777007000.0,85.05,2024-02-13 11:58:12.448049,indodax
81,777007000.0,85.05,2024-02-13 11:58:13.592341,indodax
82,777007000.0,85.05,2024-02-13 11:58:14.649505,indodax
83,777007000.0,85.05,2024-02-13 11:58:15.719674,indodax
84,777007000.0,85.05,2024-02-13 11:58:16.766032,indodax
85,777007000.0,85.05,2024-02-13 11:58:17.827014,indodax
86,777007000.0,85.05,2024-02-13 11:58:18.880166,indodax
87,777756000.0,85.05,2024-02-13 11:58:20.016288,indodax
88,777756000.0,85.05,2024-02-13 11:58:21.196811,indodax
89,777756000.0,85.05,2024-02-13 11:58:22.323334,indodax
90,777756000.0,85.05,2024-02-13 11:58:23.460083,indodax
91,777756000.0,85.05,2024-02-13 11:58:24.536933,indodax
92,777756000.0,85.05,2024-02-13 11:58:25.659040,indodax
93,777756000.0,85.05,2024-02-13 11:58:26.705927,indodax
94,777756000.0,85.05,2024-02-13 11:58:27.753044,indodax
95,777756000.0,85.05,2024-02-13 11:58:28.872787,indodax
96,777756000.0,85.05,2024-02-13 11:58:29.939956,indodax
97,777756000.0,85.05,2024-02-13 11:58:30.998080,indodax
98,777756000.0,85.05,2024-02-13 11:58:32.058164,indodax
99,777006000.0,85.05,2024-02-13 11:58:33.213755,indodax
100,777756000.0,85.05,2024-02-13 11:58:34.268927,indodax
101,777006000.0,85.05,2024-02-13 11:58:35.375313,indodax
102,777006000.0,85.05,2024-02-13 11:58:36.422712,indodax
103,777006000.0,85.05,2024-02-13 11:58:37.507195,indodax
104,777006000.0,85.05,2024-02-13 11:58:38.638438,indodax
105,777006000.0,85.05,2024-02-13 11:58:39.693125,indodax
106,777006000.0,85.05,2024-02-13 11:58:40.753091,indodax
107,777756000.0,85.05,2024-02-13 11:58:41.851955,indodax
108,777756000.0,85.05,2024-02-13 11:58:42.967595,indodax
109,777756000.0,85.05,2024-02-13 11:58:44.041291,indodax
110,777755000.0,85.05,2024-02-13 11:58:45.168189,indodax
111,777756000.0,85.05,2024-02-13 11:58:46.221303,indodax
112,777755000.0,85.05,2024-02-13 11:58:47.286321,indodax
113,777755000.0,85.05,2024-02-13 11:58:48.421512,indodax
114,777755000.0,85.05,2024-02-13 11:58:49.485416,indodax
115,777755000.0,85.05,2024-02-13 11:58:50.617062,indodax
116,777755000.0,85.05,2024-02-13 11:58:51.708511,indodax
117,777755000.0,85.05,2024-02-13 11:58:52.798489,indodax
118,777755000.0,85.05,2024-02-13 11:58:53.861007,indodax
119,777755000.0,85.05,2024-02-13 11:58:54.905888,indodax
120,777755000.0,85.05,2024-02-13 11:58:55.960034,indodax
121,777755000.0,85.05,2024-02-13 11:58:57.021625,indodax
122,777755000.0,85.05,2024-02-13 11:58:58.149628,indodax
123,777755000.0,85.05,2024-02-13 11:58:59.255156,indodax
124,777755000.0,85.05,2024-02-13 11:59:00.320441,indodax
125,777755000.0,85.05,2024-02-13 11:59:01.463649,indodax
126,777755000.0,85.05,2024-02-13 11:59:02.522165,indodax
127,777755000.0,85.05,2024-02-13 11:59:03.595688,indodax
128,777755000.0,85.1,2024-02-13 11:59:04.721846,indodax
129,777755000.0,85.05,2024-02-13 11:59:05.867873,indodax
130,777755000.0,85.1,2024-02-13 11:59:06.939189,indodax
131,777755000.0,85.1,2024-02-13 11:59:07.989019,indodax
132,777755000.0,85.1,2024-02-13 11:59:09.118065,indodax
133,777755000.0,85.1,2024-02-13 11:59:10.193949,indodax
134,777755000.0,85.1,2024-02-13 11:59:11.330792,indodax
135,777755000.0,85.1,2024-02-13 11:59:12.403892,indodax
136,777755000.0,85.1,2024-02-13 11:59:13.456472,indodax
137,777755000.0,85.1,2024-02-13 11:59:14.524279,indodax
138,777755000.0,85.1,2024-02-13 11:59:15.582305,indodax
139,777755000.0,85.1,2024-02-13 11:59:16.641515,indodax
140,777007000.0,85.1,2024-02-13 11:59:17.770884,indodax
141,777007000.0,85.1,2024-02-13 11:59:18.891126,indodax
142,777007000.0,85.1,2024-02-13 11:59:20.005486,indodax
143,777007000.0,85.1,2024-02-13 11:59:21.071565,indodax
144,777007000.0,85.1,2024-02-13 11:59:22.119424,indodax
145,777007000.0,85.1,2024-02-13 11:59:23.191323,indodax
146,777007000.0,85.1,2024-02-13 11:59:24.295955,indodax
147,777007000.0,85.1,2024-02-13 11:59:25.429797,indodax
148,777007000.0,85.1,2024-02-13 11:59:26.525498,indodax
149,777007000.0,85.1,2024-02-13 11:59:27.582207,indodax
150,777007000.0,85.1,2024-02-13 11:59:28.644671,indodax
151,777007000.0,85.1,2024-02-13 11:59:29.720596,indodax
152,777007000.0,85.1,2024-02-13 11:59:30.777900,indodax
153,777007000.0,85.1,2024-02-13 11:59:31.891303,indodax
154,777007000.0,85.1,2024-02-13 11:59:32.964629,indodax
155,777754000.0,85.1,2024-02-13 11:59:34.090427,indodax
156,777754000.0,85.1,2024-02-13 11:59:35.221672,indodax
157,777007000.0,85.1,2024-02-13 11:59:36.284427,indodax
158,777754000.0,85.1,2024-02-13 11:59:37.333409,indodax
159,777754000.0,85.1,2024-02-13 11:59:38.429368,indodax
160,777754000.0,85.1,2024-02-13 11:59:39.479357,indodax
161,777754000.0,85.1,2024-02-13 11:59:40.593242,indodax
162,777754000.0,85.1,2024-02-13 11:59:41.698282,indodax
163,777754000.0,85.1,2024-02-13 11:59:42.822447,indodax
164,777754000.0,85.1,2024-02-13 11:59:43.873426,indodax
165,777754000.0,85.1,2024-02-13 11:59:44.968281,indodax
166,777754000.0,85.1,2024-02-13 11:59:46.101731,indodax
167,777754000.0,85.1,2024-02-13 11:59:47.212585,indodax
168,777754000.0,85.1,2024-02-13 11:59:48.338384,indodax
169,777754000.0,85.1,2024-02-13 11:59:49.468743,indodax
170,777754000.0,85.1,2024-02-13 11:59:50.593449,indodax
171,777754000.0,85.1,2024-02-13 11:59:51.702750,indodax
172,777754000.0,85.1,2024-02-13 11:59:52.841568,indodax
173,777754000.0,85.1,2024-02-13 11:59:53.908549,indodax
174,777754000.0,85.1,2024-02-13 11:59:54.998998,indodax
175,777754000.0,85.1,2024-02-13 11:59:56.069887,indodax
176,777754000.0,85.1,2024-02-13 11:59:57.205050,indodax
177,777754000.0,85.1,2024-02-13 11:59:58.280405,indodax
178,777754000.0,85.1,2024-02-13 11:59:59.381207,indodax
179,777754000.0,85.1,2024-02-13 12:00:00.509527,indodax
180,777754000.0,85.1,2024-02-13 12:00:01.608496,indodax
181,777753000.0,85.24,2024-02-13 12:00:02.759295,indodax
182,777754000.0,85.1,2024-02-13 12:00:03.840100,indodax
183,777753000.0,85.24,2024-02-13 12:00:04.964368,indodax
184,777753000.0,85.24,2024-02-13 12:00:06.087144,indodax
185,777753000.0,85.24,2024-02-13 12:00:07.152007,indodax
186,777753000.0,85.24,2024-02-13 12:00:08.285053,indodax
187,777752000.0,85.24,2024-02-13 12:00:09.396678,indodax
188,777752000.0,85.24,2024-02-13 12:00:10.504760,indodax
189,777752000.0,85.24,2024-02-13 12:00:11.663881,indodax
190,777752000.0,85.24,2024-02-13 12:00:12.723933,indodax
191,777752000.0,85.24,2024-02-13 12:00:13.783058,indodax
192,777752000.0,85.24,2024-02-13 12:00:14.864315,indodax
193,777752000.0,85.24,2024-02-13 12:00:15.932031,indodax
194,777009000.0,85.24,2024-02-13 12:00:17.083390,indodax
195,777009000.0,85.24,2024-02-13 12:00:18.216774,indodax
196,777009000.0,85.24,2024-02-13 12:00:19.346084,indodax
197,777009000.0,85.24,2024-02-13 12:00:20.765930,indodax
198,777009000.0,85.24,2024-02-13 12:00:21.855465,indodax
199,777009000.0,85.24,2024-02-13 12:00:22.912069,indodax
200,777009000.0,85.24,2024-02-13 12:00:23.993267,indodax
201,777009000.0,85.24,2024-02-13 12:00:25.157137,indodax
202,777009000.0,85.24,2024-02-13 12:00:26.287454,indodax
203,777752000.0,85.24,2024-02-13 12:00:27.383820,indodax
204,777752000.0,85.24,2024-02-13 12:00:28.498104,indodax
205,777752000.0,85.24,2024-02-13 12:00:29.578517,indodax
206,777752000.0,85.24,2024-02-13 12:00:30.665258,indodax
207,777009000.0,85.24,2024-02-13 12:00:31.755607,indodax
208,777752000.0,85.24,2024-02-13 12:00:32.808381,indodax
209,777752000.0,85.24,2024-02-13 12:00:33.907334,indodax
210,777752000.0,85.24,2024-02-13 12:00:35.004118,indodax
211,777752000.0,85.24,2024-02-13 12:00:36.081174,indodax
212,777752000.0,85.24,2024-02-13 12:00:37.176482,indodax
213,777750000.0,85.24,2024-02-13 12:00:38.299736,indodax
214,777750000.0,85.24,2024-02-13 12:00:39.423911,indodax
215,777750000.0,85.24,2024-02-13 12:00:40.585129,indodax
216,777750000.0,85.24,2024-02-13 12:00:41.642483,indodax
217,777750000.0,85.24,2024-02-13 12:00:42.728551,indodax
218,777750000.0,85.24,2024-02-13 12:00:43.834764,indodax
219,777750000.0,85.24,2024-02-13 12:00:44.888476,indodax
220,777750000.0,85.24,2024-02-13 12:00:46.020879,indodax
221,777750000.0,85.24,2024-02-13 12:00:47.137959,indodax
222,777750000.0,85.24,2024-02-13 12:00:48.208791,indodax
223,777750000.0,85.24,2024-02-13 12:00:49.333866,indodax
224,777010000.0,85.24,2024-02-13 12:00:50.454290,indodax
225,777010000.0,85.24,2024-02-13 12:00:51.496157,indodax
226,777750000.0,85.24,2024-02-13 12:00:52.556941,indodax
227,777010000.0,85.24,2024-02-13 12:00:53.621382,indodax
228,777010000.0,85.24,2024-02-13 12:00:54.746421,indodax
229,777010000.0,85.24,2024-02-13 12:00:55.867893,indodax
230,777010000.0,85.24,2024-02-13 12:00:56.977140,indodax
231,777010000.0,85.24,2024-02-13 12:00:58.067412,indodax
232,777010000.0,85.24,2024-02-13 12:00:59.157768,indodax
233,777010000.0,85.24,2024-02-13 12:01:00.304074,indodax
234,777010000.0,85.24,2024-02-13 12:01:01.368132,indodax
235,777010000.0,85.24,2024-02-13 12:01:02.425718,indodax
236,777749000.0,85.38,2024-02-13 12:01:03.553430,indodax
237,777010000.0,85.24,2024-02-13 12:01:04.653119,indodax
238,777749000.0,85.38,2024-02-13 12:01:05.771553,indodax
239,777749000.0,85.38,2024-02-13 12:01:06.909104,indodax
240,777749000.0,85.38,2024-02-13 12:01:07.981308,indodax
241,777750000.0,85.38,2024-02-13 12:01:09.042868,indodax
242,777750000.0,85.38,2024-02-13 12:01:10.164782,indodax
243,777750000.0,85.38,2024-02-13 12:01:11.315100,indodax
244,777750000.0,85.38,2024-02-13 12:01:12.382684,indodax
245,777750000.0,85.38,2024-02-13 12:01:13.450341,indodax
246,777750000.0,85.38,2024-02-13 12:01:14.496368,indodax
247,777750000.0,85.38,2024-02-13 12:01:15.565580,indodax
248,777751000.0,85.38,2024-02-13 12:01:16.616043,indodax
249,777751000.0,85.38,2024-02-13 12:01:17.725459,indodax
250,777751000.0,85.38,2024-02-13 12:01:18.805032,indodax
251,777751000.0,85.38,2024-02-13 12:01:19.928783,indodax
252,777751000.0,85.38,2024-02-13 12:01:20.994054,indodax
253,777751000.0,85.38,2024-02-13 12:01:22.055704,indodax
254,777751000.0,85.38,2024-02-13 12:01:23.191871,indodax
255,777751000.0,85.38,2024-02-13 12:01:24.305218,indodax
256,777751000.0,85.38,2024-02-13 12:01:25.426510,indodax
257,777751000.0,85.38,2024-02-13 12:01:26.480062,indodax
258,777751000.0,85.38,2024-02-13 12:01:27.582131,indodax
259,777751000.0,85.38,2024-02-13 12:01:28.634168,indodax
260,777751000.0,85.38,2024-02-13 12:01:29.712627,indodax
261,777751000.0,85.38,2024-02-13 12:01:30.800551,indodax
262,777751000.0,85.38,2024-02-13 12:01:31.954185,indodax
263,777751000.0,85.38,2024-02-13 12:01:33.063596,indodax
264,777751000.0,85.38,2024-02-13 12:01:34.138410,indodax
265,777751000.0,85.38,2024-02-13 12:01:35.211322,indodax
266,777751000.0,85.38,2024-02-13 12:01:36.274224,indodax
267,777751000.0,85.38,2024-02-13 12:01:37.431375,indodax
268,777751000.0,85.38,2024-02-13 12:01:38.478710,indodax
269,777751000.0,85.38,2024-02-13 12:01:39.550890,indodax
270,777751000.0,85.38,2024-02-13 12:01:40.671057,indodax
271,777751000.0,85.38,2024-02-13 12:01:41.740514,indodax
272,777751000.0,85.38,2024-02-13 12:01:42.801463,indodax
273,777751000.0,85.38,2024-02-13 12:01:43.869850,indodax
274,777751000.0,85.38,2024-02-13 12:01:44.962128,indodax
275,777751000.0,85.38,2024-02-13 12:01:46.046801,indodax
276,777751000.0,85.38,2024-02-13 12:01:47.150402,indodax
277,777751000.0,85.38,2024-02-13 12:01:48.212082,indodax
278,777751000.0,85.38,2024-02-13 12:01:49.295845,indodax
279,777751000.0,85.38,2024-02-13 12:01:50.430804,indodax
280,777751000.0,85.38,2024-02-13 12:01:51.490748,indodax
281,777751000.0,85.38,2024-02-13 12:01:52.561539,indodax
282,777751000.0,85.38,2024-02-13 12:01:53.693699,indodax
283,777751000.0,85.38,2024-02-13 12:01:54.849371,indodax
284,777751000.0,85.38,2024-02-13 12:01:55.922570,indodax
285,777751000.0,85.38,2024-02-13 12:01:56.969023,indodax
286,777751000.0,85.38,2024-02-13 12:01:58.020089,indodax
287,777751000.0,85.38,2024-02-13 12:01:59.070580,indodax
288,777751000.0,85.38,2024-02-13 12:02:00.187739,indodax
289,777751000.0,85.38,2024-02-13 12:02:01.383078,indodax
290,777751000.0,85.38,2024-02-13 12:02:02.441448,indodax
291,777751000.0,85.38,2024-02-13 12:02:03.491846,indodax
292,777751000.0,85.38,2024-02-13 12:02:04.610151,indodax
293,777751000.0,85.38,2024-02-13 12:02:05.751621,indodax
294,777751000.0,85.38,2024-02-13 12:02:06.829717,indodax
295,777751000.0,85.38,2024-02-13 12:02:07.892242,indodax
296,777751000.0,85.38,2024-02-13 12:02:09.005416,indodax
297,777751000.0,85.38,2024-02-13 12:02:10.138063,indodax
298,777751000.0,85.38,2024-02-13 12:02:11.274767,indodax
299,777751000.0,85.38,2024-02-13 12:02:12.330683,indodax
300,777751000.0,85.38,2024-02-13 12:02:13.410616,indodax
301,777751000.0,85.38,2024-02-13 12:02:14.470087,indodax
302,777751000.0,85.38,2024-02-13 12:02:15.556115,indodax
303,777751000.0,85.38,2024-02-13 12:02:16.617242,indodax
304,777751000.0,85.38,2024-02-13 12:02:17.676029,indodax
305,777751000.0,85.38,2024-02-13 12:02:18.809209,indodax
306,777751000.0,85.38,2024-02-13 12:02:19.956837,indodax
307,777751000.0,85.38,2024-02-13 12:02:21.032722,indodax
308,777751000.0,85.38,2024-02-13 12:02:22.153296,indodax
309,777751000.0,85.38,2024-02-13 12:02:23.230321,indodax
310,777751000.0,85.38,2024-02-13 12:02:24.292629,indodax
311,777751000.0,85.38,2024-02-13 12:02:25.356249,indodax
312,777751000.0,85.38,2024-02-13 12:02:26.434390,indodax
313,777751000.0,85.38,2024-02-13 12:02:27.541989,indodax
314,777751000.0,85.38,2024-02-13 12:02:28.682707,indodax
315,777751000.0,85.38,2024-02-13 12:02:29.824020,indodax
316,777751000.0,85.38,2024-02-13 12:02:30.893158,indodax
317,777751000.0,85.38,2024-02-13 12:02:31.996092,indodax
318,777751000.0,85.38,2024-02-13 12:02:33.064583,indodax
319,777751000.0,85.38,2024-02-13 12:02:34.124844,indodax
320,777751000.0,85.38,2024-02-13 12:02:35.185432,indodax
321,777750000.0,85.38,2024-02-13 12:02:36.231727,indodax
322,777750000.0,85.38,2024-02-13 12:02:37.304314,indodax
323,777750000.0,85.38,2024-02-13 12:02:38.411059,indodax
324,777750000.0,85.38,2024-02-13 12:02:39.513620,indodax
325,777750000.0,85.38,2024-02-13 12:02:40.568018,indodax
326,777750000.0,85.38,2024-02-13 12:02:41.679677,indodax
327,777750000.0,85.38,2024-02-13 12:02:42.741111,indodax
328,777750000.0,85.38,2024-02-13 12:02:43.819878,indodax
329,777750000.0,85.38,2024-02-13 12:02:44.932798,indodax
330,777750000.0,85.38,2024-02-13 12:02:46.037142,indodax
331,777750000.0,85.38,2024-02-13 12:02:47.139530,indodax
332,777750000.0,85.38,2024-02-13 12:02:48.263671,indodax
333,777750000.0,85.38,2024-02-13 12:02:49.334727,indodax
334,777750000.0,85.38,2024-02-13 12:02:50.400103,indodax
335,777750000.0,85.38,2024-02-13 12:02:51.458505,indodax
336,777630000.0,85.38,2024-02-13 12:02:52.594106,indodax
337,777750000.0,85.38,2024-02-13 12:02:53.649803,indodax
338,777750000.0,85.38,2024-02-13 12:02:54.740190,indodax
339,777630000.0,85.38,2024-02-13 12:02:55.873395,indodax
340,777630000.0,85.38,2024-02-13 12:02:56.988627,indodax
341,777750000.0,85.38,2024-02-13 12:02:58.095893,indodax
342,777750000.0,85.38,2024-02-13 12:02:59.214254,indodax
343,777750000.0,85.38,2024-02-13 12:03:00.298755,indodax
344,777750000.0,85.38,2024-02-13 12:03:01.414294,indodax
345,777750000.0,85.38,2024-02-13 12:03:02.503244,indodax
346,777750000.0,85.38,2024-02-13 12:03:03.589237,indodax
347,777750000.0,85.38,2024-02-13 12:03:04.668601,indodax
348,777750000.0,85.38,2024-02-13 12:03:05.764756,indodax
349,777750000.0,85.33,2024-02-13 12:03:06.886479,indodax
350,777750000.0,85.38,2024-02-13 12:03:07.977236,indodax
351,777750000.0,85.33,2024-02-13 12:03:09.095373,indodax
352,777750000.0,85.33,2024-02-13 12:03:10.232588,indodax
353,777750000.0,85.33,2024-02-13 12:03:11.318173,indodax
354,777750000.0,85.33,2024-02-13 12:03:12.447910,indodax
355,777750000.0,85.33,2024-02-13 12:03:13.516671,indodax
356,777750000.0,85.33,2024-02-13 12:03:14.651432,indodax
357,777750000.0,85.33,2024-02-13 12:03:15.776788,indodax
358,777750000.0,85.33,2024-02-13 12:03:16.830911,indodax
359,777750000.0,85.33,2024-02-13 12:03:17.879359,indodax
360,777750000.0,85.33,2024-02-13 12:03:18.946831,indodax
361,777750000.0,85.33,2024-02-13 12:03:20.095096,indodax
362,777750000.0,85.33,2024-02-13 12:03:21.218189,indodax
363,777750000.0,85.33,2024-02-13 12:03:22.338529,indodax
364,777750000.0,85.33,2024-02-13 12:03:23.450507,indodax
365,777750000.0,85.33,2024-02-13 12:03:24.505575,indodax
366,777750000.0,85.33,2024-02-13 12:03:25.607188,indodax
367,777750000.0,85.33,2024-02-13 12:03:26.652472,indodax
368,777750000.0,85.33,2024-02-13 12:03:27.729692,indodax
369,777750000.0,85.33,2024-02-13 12:03:28.875856,indodax
370,777750000.0,85.33,2024-02-13 12:03:29.970069,indodax
371,777750000.0,85.33,2024-02-13 12:03:31.025225,indodax
372,777750000.0,85.33,2024-02-13 12:03:32.095611,indodax
373,777750000.0,85.33,2024-02-13 12:03:33.146757,indodax
374,777750000.0,85.33,2024-02-13 12:03:34.299445,indodax
375,777750000.0,85.33,2024-02-13 12:03:35.355927,indodax
376,777750000.0,85.33,2024-02-13 12:03:36.419734,indodax
377,777750000.0,85.33,2024-02-13 12:03:37.505269,indodax
378,777019000.0,85.33,2024-02-13 12:03:38.619142,indodax
379,777750000.0,85.33,2024-02-13 12:03:39.665508,indodax
380,777019000.0,85.33,2024-02-13 12:03:40.773270,indodax
381,777019000.0,85.33,2024-02-13 12:03:41.885229,indodax
382,777019000.0,85.33,2024-02-13 12:03:42.942943,indodax
383,777019000.0,85.33,2024-02-13 12:03:44.016049,indodax
384,777751000.0,85.33,2024-02-13 12:03:45.101409,indodax
385,777751000.0,85.33,2024-02-13 12:03:46.171742,indodax
386,777751000.0,85.33,2024-02-13 12:03:47.271963,indodax
387,777751000.0,85.33,2024-02-13 12:03:48.433069,indodax
388,777751000.0,85.33,2024-02-13 12:03:49.515239,indodax
389,777751000.0,85.33,2024-02-13 12:03:50.662820,indodax
390,777751000.0,85.33,2024-02-13 12:03:51.782212,indodax
391,777751000.0,85.33,2024-02-13 12:03:52.846383,indodax
392,777751000.0,85.33,2024-02-13 12:03:54.087746,indodax
393,777751000.0,85.33,2024-02-13 12:03:55.215891,indodax
394,777751000.0,85.33,2024-02-13 12:03:56.263917,indodax
395,777751000.0,85.33,2024-02-13 12:03:57.410784,indodax
396,777751000.0,85.33,2024-02-13 12:03:58.574565,indodax
397,777751000.0,85.33,2024-02-13 12:03:59.682912,indodax
398,777751000.0,85.33,2024-02-13 12:04:00.753864,indodax
399,777751000.0,85.33,2024-02-13 12:04:01.934699,indodax
400,777751000.0,85.31,2024-02-13 12:04:03.012646,indodax
401,777751000.0,85.33,2024-02-13 12:04:04.088784,indodax
402,777751000.0,85.31,2024-02-13 12:04:05.215240,indodax
403,777751000.0,85.31,2024-02-13 12:04:06.295370,indodax
404,777751000.0,85.31,2024-02-13 12:04:07.399544,indodax
405,777751000.0,85.31,2024-02-13 12:04:08.530226,indodax
406,777751000.0,85.31,2024-02-13 12:04:09.601414,indodax
407,777751000.0,85.31,2024-02-13 12:04:10.677825,indodax
408,777751000.0,85.31,2024-02-13 12:04:11.850631,indodax
409,777751000.0,85.31,2024-02-13 12:04:12.981514,indodax
410,777751000.0,85.31,2024-02-13 12:04:14.063308,indodax
411,777751000.0,85.31,2024-02-13 12:04:15.179268,indodax
412,777751000.0,85.31,2024-02-13 12:04:16.314899,indodax
413,777751000.0,85.31,2024-02-13 12:04:17.469938,indodax
414,777751000.0,85.31,2024-02-13 12:04:18.516270,indodax
415,777751000.0,85.31,2024-02-13 12:04:19.570420,indodax
416,777751000.0,85.31,2024-02-13 12:04:20.694205,indodax
417,777751000.0,85.31,2024-02-13 12:04:21.807484,indodax
418,777751000.0,85.31,2024-02-13 12:04:22.887055,indodax
419,777751000.0,85.31,2024-02-13 12:04:24.001005,indodax
420,777751000.0,85.31,2024-02-13 12:04:25.045521,indodax
421,777751000.0,85.31,2024-02-13 12:04:26.212423,indodax
422,777751000.0,85.31,2024-02-13 12:04:27.326725,indodax
423,777751000.0,85.31,2024-02-13 12:04:28.379715,indodax
424,777751000.0,85.31,2024-02-13 12:04:29.500738,indodax
425,777751000.0,85.31,2024-02-13 12:04:30.556678,indodax
426,777751000.0,85.31,2024-02-13 12:04:31.629246,indodax
427,777751000.0,85.31,2024-02-13 12:04:32.691530,indodax
428,777751000.0,85.31,2024-02-13 12:04:33.799710,indodax
429,777751000.0,85.31,2024-02-13 12:04:34.928051,indodax
430,777751000.0,85.31,2024-02-13 12:04:36.020606,indodax
431,777751000.0,85.31,2024-02-13 12:04:37.088656,indodax
432,777751000.0,85.31,2024-02-13 12:04:38.268144,indodax
433,777751000.0,85.31,2024-02-13 12:04:39.388796,indodax
434,777751000.0,85.31,2024-02-13 12:04:40.510307,indodax
435,777751000.0,85.31,2024-02-13 12:04:41.644571,indodax
436,777751000.0,85.31,2024-02-13 12:04:42.764623,indodax
437,777751000.0,85.31,2024-02-13 12:04:43.818623,indodax
438,777751000.0,85.31,2024-02-13 12:04:44.873969,indodax
439,777751000.0,85.31,2024-02-13 12:04:45.973410,indodax
440,777751000.0,85.31,2024-02-13 12:04:47.107163,indodax
441,777751000.0,85.31,2024-02-13 12:04:48.217476,indodax
442,777751000.0,85.31,2024-02-13 12:04:49.267948,indodax
443,777751000.0,85.31,2024-02-13 12:04:50.383310,indodax
444,777751000.0,85.31,2024-02-13 12:04:51.434787,indodax
445,777022000.0,85.31,2024-02-13 12:04:52.567375,indodax
446,777022000.0,85.31,2024-02-13 12:04:53.683248,indodax
447,777751000.0,85.31,2024-02-13 12:04:54.736998,indodax
448,777023000.0,85.31,2024-02-13 12:04:55.878124,indodax
449,777023000.0,85.31,2024-02-13 12:04:57.006008,indodax
450,777023000.0,85.31,2024-02-13 12:04:58.150161,indodax
451,777023000.0,85.31,2024-02-13 12:04:59.214910,indodax
452,777023000.0,85.31,2024-02-13 12:05:00.358970,indodax
453,777023000.0,85.31,2024-02-13 12:05:01.442325,indodax
454,777023000.0,85.31,2024-02-13 12:05:02.559255,indodax
455,777023000.0,85.31,2024-02-13 12:05:03.636737,indodax
456,777023000.0,85.31,2024-02-13 12:05:04.693142,indodax
457,777023000.0,85.31,2024-02-13 12:05:05.752499,indodax
458,777023000.0,85.31,2024-02-13 12:05:06.900030,indodax
459,777023000.0,85.31,2024-02-13 12:05:07.967110,indodax
460,777023000.0,85.31,2024-02-13 12:05:09.099117,indodax
461,777023000.0,85.31,2024-02-13 12:05:10.210701,indodax
462,777023000.0,85.31,2024-02-13 12:05:11.261247,indodax
463,777023000.0,85.31,2024-02-13 12:05:12.396100,indodax
464,777023000.0,85.31,2024-02-13 12:05:13.445246,indodax
465,777023000.0,85.31,2024-02-13 12:05:14.526858,indodax
466,777022000.0,85.31,2024-02-13 12:05:15.640538,indodax
467,777022000.0,85.31,2024-02-13 12:05:16.746958,indodax
468,777022000.0,85.31,2024-02-13 12:05:17.876883,indodax
469,777022000.0,85.31,2024-02-13 12:05:18.941854,indodax
470,777022000.0,85.31,2024-02-13 12:05:20.022592,indodax
471,777022000.0,85.31,2024-02-13 12:05:21.087693,indodax
472,777022000.0,85.31,2024-02-13 12:05:22.172204,indodax
473,777022000.0,85.31,2024-02-13 12:05:23.229319,indodax
474,777022000.0,85.31,2024-02-13 12:05:24.286296,indodax
475,777022000.0,85.31,2024-02-13 12:05:25.359373,indodax
476,777022000.0,85.31,2024-02-13 12:05:26.427158,indodax
477,777022000.0,85.31,2024-02-13 12:05:27.494397,indodax
478,777022000.0,85.31,2024-02-13 12:05:28.588349,indodax
479,777022000.0,85.31,2024-02-13 12:05:29.820500,indodax
480,777022000.0,85.31,2024-02-13 12:05:30.890851,indodax
481,777022000.0,85.31,2024-02-13 12:05:32.027156,indodax
482,777022000.0,85.31,2024-02-13 12:05:33.140357,indodax
483,777022000.0,85.31,2024-02-13 12:05:34.296757,indodax
484,777022000.0,85.31,2024-02-13 12:05:35.347538,indodax
485,777022000.0,85.31,2024-02-13 12:05:36.535406,indodax
486,777022000.0,85.31,2024-02-13 12:05:37.669099,indodax
487,777022000.0,85.31,2024-02-13 12:05:38.725968,indodax
488,777022000.0,85.31,2024-02-13 12:05:39.795135,indodax
489,777022000.0,85.31,2024-02-13 12:05:40.847858,indodax
490,777022000.0,85.31,2024-02-13 12:05:41.998522,indodax
491,777022000.0,85.31,2024-02-13 12:05:43.110631,indodax
492,777022000.0,85.31,2024-02-13 12:05:44.185780,indodax
493,777022000.0,85.31,2024-02-13 12:05:45.341040,indodax
494,777022000.0,85.31,2024-02-13 12:05:46.479588,indodax
495,777022000.0,85.31,2024-02-13 12:05:47.530162,indodax
496,777022000.0,85.31,2024-02-13 12:05:48.612637,indodax
497,777022000.0,85.31,2024-02-13 12:05:49.697889,indodax
498,777022000.0,85.31,2024-02-13 12:05:50.761901,indodax
499,777022000.0,85.31,2024-02-13 12:05:51.908308,indodax
500,777022000.0,85.31,2024-02-13 12:05:52.993611,indodax
501,777022000.0,85.31,2024-02-13 12:05:54.070409,indodax
502,777022000.0,85.31,2024-02-13 12:05:55.201680,indodax
503,777022000.0,85.31,2024-02-13 12:05:56.293489,indodax
504,777022000.0,85.31,2024-02-13 12:05:57.418925,indodax
505,777022000.0,85.31,2024-02-13 12:05:58.517998,indodax
506,777022000.0,85.31,2024-02-13 12:05:59.567280,indodax
507,777022000.0,85.31,2024-02-13 12:06:00.613462,indodax
508,777022000.0,85.31,2024-02-13 12:06:01.722466,indodax
509,777022000.0,85.31,2024-02-13 12:06:02.890066,indodax
510,777022000.0,85.25,2024-02-13 12:06:04.003436,indodax
511,777022000.0,85.25,2024-02-13 12:06:05.116239,indodax
512,777022000.0,85.25,2024-02-13 12:06:06.251556,indodax
513,777022000.0,85.25,2024-02-13 12:06:07.379067,indodax
514,777022000.0,85.25,2024-02-13 12:06:08.530798,indodax
515,777022000.0,85.25,2024-02-13 12:06:09.663375,indodax
516,777022000.0,85.25,2024-02-13 12:06:10.766574,indodax
517,777022000.0,85.25,2024-02-13 12:06:11.825715,indodax
518,777022000.0,85.25,2024-02-13 12:06:12.890202,indodax
519,777022000.0,85.25,2024-02-13 12:06:14.014393,indodax
520,777022000.0,85.25,2024-02-13 12:06:15.088223,indodax
521,777022000.0,85.25,2024-02-13 12:06:16.199261,indodax
522,777022000.0,85.25,2024-02-13 12:06:17.249806,indodax
523,777022000.0,85.25,2024-02-13 12:06:18.341391,indodax
524,777022000.0,85.25,2024-02-13 12:06:19.441599,indodax
525,777022000.0,85.25,2024-02-13 12:06:20.563795,indodax
526,777022000.0,85.25,2024-02-13 12:06:21.618562,indodax
527,777022000.0,85.25,2024-02-13 12:06:22.668228,indodax
528,777022000.0,85.25,2024-02-13 12:06:23.731793,indodax
529,777022000.0,85.25,2024-02-13 12:06:24.860594,indodax
530,777022000.0,85.25,2024-02-13 12:06:25.971283,indodax
531,777022000.0,85.25,2024-02-13 12:06:27.045714,indodax
532,777022000.0,85.25,2024-02-13 12:06:28.157673,indodax
533,777022000.0,85.25,2024-02-13 12:06:29.271708,indodax
534,777022000.0,85.25,2024-02-13 12:06:30.362706,indodax
535,777022000.0,85.25,2024-02-13 12:06:31.432665,indodax
536,777022000.0,85.25,2024-02-13 12:06:32.503433,indodax
537,777022000.0,85.25,2024-02-13 12:06:33.574042,indodax
538,777022000.0,85.25,2024-02-13 12:06:34.689485,indodax
539,777022000.0,85.25,2024-02-13 12:06:35.821709,indodax
540,777022000.0,85.25,2024-02-13 12:06:36.943031,indodax
541,777022000.0,85.25,2024-02-13 12:06:37.996377,indodax
542,777022000.0,85.25,2024-02-13 12:06:39.102039,indodax
543,777022000.0,85.25,2024-02-13 12:06:40.197565,indodax
544,777022000.0,85.25,2024-02-13 12:06:41.273263,indodax
545,777023000.0,85.25,2024-02-13 12:06:42.402918,indodax
546,777023000.0,85.25,2024-02-13 12:06:43.507532,indodax
547,777023000.0,85.25,2024-02-13 12:06:44.637518,indodax
548,777023000.0,85.25,2024-02-13 12:06:45.703255,indodax
549,777023000.0,85.25,2024-02-13 12:06:46.768046,indodax
550,777023000.0,85.25,2024-02-13 12:06:47.813973,indodax
551,777023000.0,85.25,2024-02-13 12:06:48.863149,indodax
552,777023000.0,85.25,2024-02-13 12:06:49.991406,indodax
553,777023000.0,85.25,2024-02-13 12:06:51.142984,indodax
554,777023000.0,85.25,2024-02-13 12:06:52.199959,indodax
555,777023000.0,85.25,2024-02-13 12:06:53.260845,indodax
556,777023000.0,85.25,2024-02-13 12:06:54.330642,indodax
557,777023000.0,85.25,2024-02-13 12:06:55.405188,indodax
558,777023000.0,85.25,2024-02-13 12:06:56.474495,indodax
559,777023000.0,85.25,2024-02-13 12:06:57.537594,indodax
560,777023000.0,85.25,2024-02-13 12:06:58.637780,indodax
561,777023000.0,85.25,2024-02-13 12:06:59.793173,indodax
562,777023000.0,85.25,2024-02-13 12:07:00.845564,indodax
563,777023000.0,85.25,2024-02-13 12:07:01.907508,indodax
564,777023000.0,85.25,2024-02-13 12:07:03.006893,indodax
565,777024000.0,85.25,2024-02-13 12:07:04.118595,indodax
566,777024000.0,85.12,2024-02-13 12:07:05.238319,indodax
567,777024000.0,85.12,2024-02-13 12:07:06.362333,indodax
568,777024000.0,85.12,2024-02-13 12:07:07.485532,indodax
569,777024000.0,85.12,2024-02-13 12:07:08.579612,indodax
570,777024000.0,85.12,2024-02-13 12:07:09.658835,indodax
571,777024000.0,85.12,2024-02-13 12:07:10.716146,indodax
572,777024000.0,85.12,2024-02-13 12:07:11.835934,indodax
573,777024000.0,85.12,2024-02-13 12:07:12.898356,indodax
574,777024000.0,85.12,2024-02-13 12:07:14.138425,indodax
575,777024000.0,85.12,2024-02-13 12:07:15.191394,indodax
576,777024000.0,85.12,2024-02-13 12:07:16.311584,indodax
577,777024000.0,85.12,2024-02-13 12:07:17.387513,indodax
578,777024000.0,85.12,2024-02-13 12:07:18.456443,indodax
579,777024000.0,85.12,2024-02-13 12:07:19.592189,indodax
580,777024000.0,85.12,2024-02-13 12:07:20.670397,indodax
581,777024000.0,85.12,2024-02-13 12:07:21.716515,indodax
582,777024000.0,85.12,2024-02-13 12:07:22.832051,indodax
583,777024000.0,85.12,2024-02-13 12:07:23.971247,indodax
584,777024000.0,85.12,2024-02-13 12:07:25.032487,indodax
585,777024000.0,85.12,2024-02-13 12:07:26.170310,indodax
586,777024000.0,85.12,2024-02-13 12:07:27.316195,indodax
587,777024000.0,85.12,2024-02-13 12:07:28.374403,indodax
588,777024000.0,85.12,2024-02-13 12:07:29.436643,indodax
589,777024000.0,85.12,2024-02-13 12:07:30.541611,indodax
590,777024000.0,85.12,2024-02-13 12:07:31.651870,indodax
591,777024000.0,85.12,2024-02-13 12:07:32.716848,indodax
592,777024000.0,85.12,2024-02-13 12:07:33.867886,indodax
593,777024000.0,85.12,2024-02-13 12:07:35.014108,indodax
594,777024000.0,85.12,2024-02-13 12:07:36.070095,indodax
595,777024000.0,85.12,2024-02-13 12:07:37.129352,indodax
596,777025000.0,85.12,2024-02-13 12:07:38.260784,indodax
597,777025000.0,85.12,2024-02-13 12:07:39.456019,indodax
598,777025000.0,85.12,2024-02-13 12:07:40.524236,indodax
599,777025000.0,85.12,2024-02-13 12:07:41.575444,indodax
600,777025000.0,85.12,2024-02-13 12:07:42.687196,indodax
601,777025000.0,85.12,2024-02-13 12:07:43.766486,indodax
602,777025000.0,85.12,2024-02-13 12:07:44.883544,indodax
603,777026000.0,85.12,2024-02-13 12:07:46.071109,indodax
604,777026000.0,85.12,2024-02-13 12:07:47.135939,indodax
605,777025000.0,85.12,2024-02-13 12:07:48.198888,indodax
606,777026000.0,85.12,2024-02-13 12:07:49.282483,indodax
607,777026000.0,85.12,2024-02-13 12:07:50.401877,indodax
608,777026000.0,85.12,2024-02-13 12:07:51.537193,indodax
609,777026000.0,85.12,2024-02-13 12:07:52.758241,indodax
610,777026000.0,85.12,2024-02-13 12:07:53.889616,indodax
611,777026000.0,85.12,2024-02-13 12:07:54.960233,indodax
612,777026000.0,85.12,2024-02-13 12:07:56.041225,indodax
613,777026000.0,85.12,2024-02-13 12:07:57.103980,indodax
614,777693000.0,85.12,2024-02-13 12:07:58.169902,indodax
615,777693000.0,85.12,2024-02-13 12:07:59.286127,indodax
616,777693000.0,85.12,2024-02-13 12:08:00.420057,indodax
617,777693000.0,85.12,2024-02-13 12:08:01.479035,indodax
618,777693000.0,85.12,2024-02-13 12:08:02.559092,indodax
619,777693000.0,85.12,2024-02-13 12:08:03.676489,indodax
620,777693000.0,85.12,2024-02-13 12:08:04.783277,indodax
621,777693000.0,85.12,2024-02-13 12:08:05.899637,indodax
622,777693000.0,85.12,2024-02-13 12:08:07.012486,indodax
623,777693000.0,85.12,2024-02-13 12:08:08.086568,indodax
624,777693000.0,85.12,2024-02-13 12:08:09.144902,indodax
625,777693000.0,85.12,2024-02-13 12:08:10.238320,indodax
626,777693000.0,85.12,2024-02-13 12:08:11.299238,indodax
627,777693000.0,85.12,2024-02-13 12:08:12.428789,indodax
628,777693000.0,85.12,2024-02-13 12:08:13.591478,indodax
629,777693000.0,85.12,2024-02-13 12:08:14.744692,indodax
630,777693000.0,85.12,2024-02-13 12:08:15.821889,indodax
631,777693000.0,85.12,2024-02-13 12:08:16.874733,indodax
632,777026000.0,85.12,2024-02-13 12:08:18.017269,indodax
633,777026000.0,85.12,2024-02-13 12:08:19.141357,indodax
634,777026000.0,85.12,2024-02-13 12:08:20.190105,indodax
635,777026000.0,85.12,2024-02-13 12:08:21.253593,indodax
636,777026000.0,85.12,2024-02-13 12:08:22.302879,indodax
637,777692000.0,85.12,2024-02-13 12:08:23.403314,indodax
638,777026000.0,85.12,2024-02-13 12:08:24.462699,indodax
639,777692000.0,85.12,2024-02-13 12:08:25.600932,indodax
640,777692000.0,85.12,2024-02-13 12:08:26.728633,indodax
641,777692000.0,85.12,2024-02-13 12:08:27.804819,indodax
642,777692000.0,85.12,2024-02-13 12:08:28.893649,indodax
643,777692000.0,85.12,2024-02-13 12:08:29.974034,indodax
644,777692000.0,85.12,2024-02-13 12:08:31.052422,indodax
645,777692000.0,85.12,2024-02-13 12:08:32.110003,indodax
646,777692000.0,85.12,2024-02-13 12:08:33.182781,indodax
647,777692000.0,85.12,2024-02-13 12:08:34.244545,indodax
648,777692000.0,85.12,2024-02-13 12:08:35.329796,indodax
649,777692000.0,85.12,2024-02-13 12:08:36.455393,indodax
650,777692000.0,85.12,2024-02-13 12:08:37.570040,indodax
651,777027000.0,85.12,2024-02-13 12:08:38.680268,indodax
652,777692000.0,85.12,2024-02-13 12:08:39.729632,indodax
653,777027000.0,85.12,2024-02-13 12:08:40.843125,indodax
654,777692000.0,85.12,2024-02-13 12:08:41.896014,indodax
655,777027000.0,85.12,2024-02-13 12:08:43.028949,indodax
656,777027000.0,85.12,2024-02-13 12:08:44.090554,indodax
657,777027000.0,85.12,2024-02-13 12:08:45.143471,indodax
658,777028000.0,85.12,2024-02-13 12:08:46.280597,indodax
659,777027000.0,85.12,2024-02-13 12:08:47.338908,indodax
660,777027000.0,85.12,2024-02-13 12:08:48.450733,indodax
661,777028000.0,85.12,2024-02-13 12:08:49.558361,indodax
662,777028000.0,85.12,2024-02-13 12:08:50.729848,indodax
663,777028000.0,85.12,2024-02-13 12:08:51.859467,indodax
664,777028000.0,85.12,2024-02-13 12:08:52.912584,indodax
665,777028000.0,85.12,2024-02-13 12:08:54.017264,indodax
666,777692000.0,85.12,2024-02-13 12:08:55.144568,indodax
667,777692000.0,85.12,2024-02-13 12:08:56.232072,indodax
668,777028000.0,85.12,2024-02-13 12:08:57.352516,indodax
669,777028000.0,85.12,2024-02-13 12:08:58.405882,indodax
670,777692000.0,85.12,2024-02-13 12:08:59.512413,indodax
671,777692000.0,85.12,2024-02-13 12:09:00.636831,indodax
672,777692000.0,85.12,2024-02-13 12:09:01.705167,indodax
673,777692000.0,85.12,2024-02-13 12:09:02.842153,indodax
674,777692000.0,85.12,2024-02-13 12:09:03.990844,indodax
675,777692000.0,85.03,2024-02-13 12:09:05.129876,indodax
676,777692000.0,85.03,2024-02-13 12:09:06.194020,indodax
677,777692000.0,85.03,2024-02-13 12:09:07.344996,indodax
678,777692000.0,85.03,2024-02-13 12:09:08.446773,indodax
679,777692000.0,85.03,2024-02-13 12:09:09.556181,indodax
680,777692000.0,85.03,2024-02-13 12:09:10.675443,indodax
681,777692000.0,85.03,2024-02-13 12:09:11.750172,indodax
682,777692000.0,85.03,2024-02-13 12:09:12.890807,indodax
683,777692000.0,85.03,2024-02-13 12:09:13.948080,indodax
684,777692000.0,85.03,2024-02-13 12:09:15.064832,indodax
685,777692000.0,85.03,2024-02-13 12:09:16.125942,indodax
686,777692000.0,85.03,2024-02-13 12:09:17.243287,indodax
687,777692000.0,85.03,2024-02-13 12:09:18.357117,indodax
688,777692000.0,85.03,2024-02-13 12:09:19.419930,indodax
689,777692000.0,85.03,2024-02-13 12:09:20.466696,indodax
690,777692000.0,85.03,2024-02-13 12:09:21.592667,indodax
691,777692000.0,85.03,2024-02-13 12:09:22.706102,indodax
692,777692000.0,85.03,2024-02-13 12:09:23.788864,indodax
693,777692000.0,85.03,2024-02-13 12:09:24.897745,indodax
694,777692000.0,85.03,2024-02-13 12:09:26.017502,indodax
695,777692000.0,85.03,2024-02-13 12:09:27.152588,indodax
696,777692000.0,85.03,2024-02-13 12:09:28.271523,indodax
697,777692000.0,85.03,2024-02-13 12:09:29.392295,indodax
698,777692000.0,85.03,2024-02-13 12:09:30.467528,indodax
699,777692000.0,85.03,2024-02-13 12:09:31.540527,indodax
700,777692000.0,85.03,2024-02-13 12:09:32.664392,indodax
701,777692000.0,85.03,2024-02-13 12:09:33.789465,indodax
702,777692000.0,85.03,2024-02-13 12:09:34.848546,indodax
703,777692000.0,85.03,2024-02-13 12:09:35.915696,indodax
704,777692000.0,85.03,2024-02-13 12:09:37.028998,indodax
705,777692000.0,85.03,2024-02-13 12:09:38.160474,indodax
706,777692000.0,85.03,2024-02-13 12:09:39.217408,indodax
707,777692000.0,85.03,2024-02-13 12:09:40.337151,indodax
708,777692000.0,85.03,2024-02-13 12:09:41.463028,indodax
709,777692000.0,85.03,2024-02-13 12:09:42.509043,indodax
710,777692000.0,85.03,2024-02-13 12:09:43.671121,indodax
711,777031000.0,85.03,2024-02-13 12:09:44.810565,indodax
712,777692000.0,85.03,2024-02-13 12:09:45.914495,indodax
713,777031000.0,85.03,2024-02-13 12:09:47.021700,indodax
714,777031000.0,85.03,2024-02-13 12:09:48.148103,indodax
715,777692000.0,85.03,2024-02-13 12:09:49.212987,indodax
716,777031000.0,85.03,2024-02-13 12:09:50.299722,indodax
717,777031000.0,85.03,2024-02-13 12:09:51.357801,indodax
718,777031000.0,85.03,2024-02-13 12:09:52.518219,indodax
719,777031000.0,85.03,2024-02-13 12:09:53.627111,indodax
720,777031000.0,85.03,2024-02-13 12:09:54.769367,indodax
721,777031000.0,85.03,2024-02-13 12:09:55.875621,indodax
722,777031000.0,85.03,2024-02-13 12:09:56.929602,indodax
723,777692000.0,85.03,2024-02-13 12:09:58.058286,indodax
724,777692000.0,85.03,2024-02-13 12:09:59.190845,indodax
725,777692000.0,85.03,2024-02-13 12:10:00.313125,indodax
726,777692000.0,85.03,2024-02-13 12:10:01.389107,indodax
727,777692000.0,85.03,2024-02-13 12:10:02.452647,indodax
728,777692000.0,85.03,2024-02-13 12:10:03.541678,indodax
729,777692000.0,85.04,2024-02-13 12:10:04.680291,indodax
730,777692000.0,85.03,2024-02-13 12:10:05.741225,indodax
731,777692000.0,85.04,2024-02-13 12:10:06.889725,indodax
732,777692000.0,85.04,2024-02-13 12:10:08.015502,indodax
733,777692000.0,85.04,2024-02-13 12:10:09.073261,indodax
734,777692000.0,85.04,2024-02-13 12:10:10.191558,indodax
735,777692000.0,85.04,2024-02-13 12:10:11.263325,indodax
736,777692000.0,85.04,2024-02-13 12:10:12.335651,indodax
737,777692000.0,85.04,2024-02-13 12:10:13.454027,indodax
738,777692000.0,85.04,2024-02-13 12:10:14.572089,indodax
739,777692000.0,85.04,2024-02-13 12:10:15.637324,indodax
740,777692000.0,85.04,2024-02-13 12:10:16.757350,indodax
741,777692000.0,85.04,2024-02-13 12:10:17.847868,indodax
742,777692000.0,85.04,2024-02-13 12:10:18.913097,indodax
743,777692000.0,85.04,2024-02-13 12:10:19.967882,indodax
744,777692000.0,85.04,2024-02-13 12:10:21.130069,indodax
745,777692000.0,85.04,2024-02-13 12:10:22.280002,indodax
746,777692000.0,85.04,2024-02-13 12:10:23.410489,indodax
747,777692000.0,85.04,2024-02-13 12:10:24.461356,indodax
748,777692000.0,85.04,2024-02-13 12:10:25.505627,indodax
749,777692000.0,85.04,2024-02-13 12:10:26.569558,indodax
750,777692000.0,85.04,2024-02-13 12:10:27.619656,indodax
751,777692000.0,85.04,2024-02-13 12:10:28.743402,indodax
752,777692000.0,85.04,2024-02-13 12:10:29.835057,indodax
753,777692000.0,85.04,2024-02-13 12:10:30.949751,indodax
754,777692000.0,85.04,2024-02-13 12:10:32.021514,indodax
755,777692000.0,85.04,2024-02-13 12:10:33.108279,indodax
756,777692000.0,85.04,2024-02-13 12:10:34.176632,indodax
757,777692000.0,85.04,2024-02-13 12:10:35.311213,indodax
758,777692000.0,85.04,2024-02-13 12:10:36.417544,indodax
759,777692000.0,85.04,2024-02-13 12:10:37.461541,indodax
760,777692000.0,85.04,2024-02-13 12:10:38.525219,indodax
761,777692000.0,85.04,2024-02-13 12:10:39.636879,indodax
762,777692000.0,85.04,2024-02-13 12:10:40.741179,indodax
763,777692000.0,85.04,2024-02-13 12:10:41.850916,indodax
764,777692000.0,85.04,2024-02-13 12:10:43.042661,indodax
765,777692000.0,85.04,2024-02-13 12:10:44.129551,indodax
766,777692000.0,85.04,2024-02-13 12:10:45.208764,indodax
767,777692000.0,85.04,2024-02-13 12:10:46.335659,indodax
768,777692000.0,85.04,2024-02-13 12:10:47.456627,indodax
769,777692000.0,85.04,2024-02-13 12:10:48.564951,indodax
770,777692000.0,85.04,2024-02-13 12:10:49.680999,indodax
771,777692000.0,85.04,2024-02-13 12:10:50.741833,indodax
772,777692000.0,85.04,2024-02-13 12:10:51.798115,indodax
773,777692000.0,85.04,2024-02-13 12:10:52.915068,indodax
774,777692000.0,85.04,2024-02-13 12:10:53.988760,indodax
775,777692000.0,85.04,2024-02-13 12:10:55.104848,indodax
776,777692000.0,85.04,2024-02-13 12:10:56.172019,indodax
777,777692000.0,85.04,2024-02-13 12:10:57.305502,indodax
778,777692000.0,85.04,2024-02-13 12:10:58.410531,indodax
779,777692000.0,85.04,2024-02-13 12:10:59.527135,indodax
780,777692000.0,85.04,2024-02-13 12:11:00.610197,indodax
781,777692000.0,85.04,2024-02-13 12:11:01.753861,indodax
782,777692000.0,85.04,2024-02-13 12:11:02.859880,indodax
783,777692000.0,85.04,2024-02-13 12:11:03.939331,indodax
784,777692000.0,85.04,2024-02-13 12:11:04.995088,indodax
785,777692000.0,85.05,2024-02-13 12:11:06.107674,indodax
786,777692000.0,85.05,2024-02-13 12:11:07.222688,indodax
787,777692000.0,85.05,2024-02-13 12:11:08.283503,indodax
788,777692000.0,85.05,2024-02-13 12:11:09.346126,indodax
789,777692000.0,85.05,2024-02-13 12:11:10.434919,indodax
790,777692000.0,85.05,2024-02-13 12:11:11.543722,indodax
791,777692000.0,85.05,2024-02-13 12:11:12.714761,indodax
792,777692000.0,85.05,2024-02-13 12:11:13.765964,indodax
793,777692000.0,85.05,2024-02-13 12:11:14.877350,indodax
794,777692000.0,85.05,2024-02-13 12:11:15.936975,indodax
795,777692000.0,85.05,2024-02-13 12:11:17.002729,indodax
796,777692000.0,85.05,2024-02-13 12:11:18.096806,indodax
797,777037000.0,85.05,2024-02-13 12:11:19.262189,indodax
798,777037000.0,85.05,2024-02-13 12:11:20.401619,indodax
799,777037000.0,85.05,2024-02-13 12:11:21.464500,indodax
800,777037000.0,85.05,2024-02-13 12:11:22.611152,indodax
801,777037000.0,85.05,2024-02-13 12:11:23.681854,indodax
802,777037000.0,85.05,2024-02-13 12:11:24.779058,indodax
803,777037000.0,85.05,2024-02-13 12:11:25.864914,indodax
804,777037000.0,85.05,2024-02-13 12:11:26.996196,indodax
805,777037000.0,85.05,2024-02-13 12:11:28.149100,indodax
806,777037000.0,85.05,2024-02-13 12:11:29.213515,indodax
807,777037000.0,85.05,2024-02-13 12:11:30.310408,indodax
808,777037000.0,85.05,2024-02-13 12:11:31.367211,indodax
809,777037000.0,85.05,2024-02-13 12:11:32.431393,indodax
810,777692000.0,85.05,2024-02-13 12:11:33.551969,indodax
811,777037000.0,85.05,2024-02-13 12:11:34.657011,indodax
812,777692000.0,85.05,2024-02-13 12:11:35.704644,indodax
813,777692000.0,85.05,2024-02-13 12:11:36.847689,indodax
814,777692000.0,85.05,2024-02-13 12:11:37.908791,indodax
815,777692000.0,85.05,2024-02-13 12:11:38.955906,indodax
816,777692000.0,85.05,2024-02-13 12:11:40.068413,indodax
817,777692000.0,85.05,2024-02-13 12:11:41.183283,indodax
818,777692000.0,85.05,2024-02-13 12:11:42.230626,indodax
819,777692000.0,85.05,2024-02-13 12:11:43.289522,indodax
820,777692000.0,85.05,2024-02-13 12:11:44.416852,indodax
821,777692000.0,85.05,2024-02-13 12:11:45.492827,indodax
822,777692000.0,85.05,2024-02-13 12:11:46.638330,indodax
823,777692000.0,85.05,2024-02-13 12:11:47.788249,indodax
824,777692000.0,85.05,2024-02-13 12:11:48.843055,indodax
825,777692000.0,85.05,2024-02-13 12:11:49.928255,indodax
826,777692000.0,85.05,2024-02-13 12:11:51.037973,indodax
827,777692000.0,85.05,2024-02-13 12:11:52.112721,indodax
828,777692000.0,85.05,2024-02-13 12:11:53.170941,indodax
829,777692000.0,85.05,2024-02-13 12:11:54.224070,indodax
830,777692000.0,85.05,2024-02-13 12:11:55.333441,indodax
831,777692000.0,85.05,2024-02-13 12:11:56.468928,indodax
832,777692000.0,85.05,2024-02-13 12:11:57.600139,indodax
833,777692000.0,85.05,2024-02-13 12:11:58.727480,indodax
834,777692000.0,85.05,2024-02-13 12:11:59.852366,indodax
835,777692000.0,85.05,2024-02-13 12:12:00.914455,indodax
836,777692000.0,85.05,2024-02-13 12:12:01.988947,indodax
837,777692000.0,85.05,2024-02-13 12:12:03.075635,indodax
838,777692000.0,85.05,2024-02-13 12:12:04.174277,indodax
839,777692000.0,84.65,2024-02-13 12:12:05.296818,indodax
840,777692000.0,84.65,2024-02-13 12:12:06.465741,indodax
841,777692000.0,84.65,2024-02-13 12:12:07.547009,indodax
842,777692000.0,84.65,2024-02-13 12:12:08.598282,indodax
843,777692000.0,84.65,2024-02-13 12:12:09.653914,indodax
844,777692000.0,84.65,2024-02-13 12:12:10.727974,indodax
845,777692000.0,84.65,2024-02-13 12:12:11.844594,indodax
846,777692000.0,84.65,2024-02-13 12:12:12.903286,indodax
847,777692000.0,84.65,2024-02-13 12:12:13.998122,indodax
848,777051000.0,84.65,2024-02-13 12:12:15.056552,indodax
849,777051000.0,84.65,2024-02-13 12:12:16.114939,indodax
850,777051000.0,84.65,2024-02-13 12:12:17.217785,indodax
851,777051000.0,84.65,2024-02-13 12:12:18.340724,indodax
852,777051000.0,84.65,2024-02-13 12:12:19.393902,indodax
853,777051000.0,84.65,2024-02-13 12:12:20.466547,indodax
854,777051000.0,84.65,2024-02-13 12:12:21.555477,indodax
855,777051000.0,84.65,2024-02-13 12:12:22.605405,indodax
856,777051000.0,84.65,2024-02-13 12:12:23.740601,indodax
857,777051000.0,84.65,2024-02-13 12:12:24.864076,indodax
858,777051000.0,84.65,2024-02-13 12:12:25.973236,indodax
859,777051000.0,84.65,2024-02-13 12:12:27.043864,indodax
860,777051000.0,84.65,2024-02-13 12:12:28.101089,indodax
861,777051000.0,84.65,2024-02-13 12:12:29.154388,indodax
862,777051000.0,84.65,2024-02-13 12:12:30.266834,indodax
863,777051000.0,84.65,2024-02-13 12:12:31.331325,indodax
864,777051000.0,84.65,2024-02-13 12:12:32.386017,indodax
865,777051000.0,84.65,2024-02-13 12:12:33.504177,indodax
866,777051000.0,84.65,2024-02-13 12:12:34.573933,indodax
867,777051000.0,84.65,2024-02-13 12:12:35.640094,indodax
868,777051000.0,84.65,2024-02-13 12:12:36.767156,indodax
869,777051000.0,84.65,2024-02-13 12:12:37.831576,indodax
870,777051000.0,84.65,2024-02-13 12:12:38.938857,indodax
871,777051000.0,84.65,2024-02-13 12:12:40.016791,indodax
872,777051000.0,84.65,2024-02-13 12:12:41.238708,indodax
873,777051000.0,84.65,2024-02-13 12:12:42.365091,indodax
874,777051000.0,84.65,2024-02-13 12:12:43.414117,indodax
875,777051000.0,84.65,2024-02-13 12:12:44.480401,indodax
876,777051000.0,84.65,2024-02-13 12:12:45.601285,indodax
877,777692000.0,84.65,2024-02-13 12:12:46.728006,indodax
878,777692000.0,84.65,2024-02-13 12:12:47.788288,indodax
879,777692000.0,84.65,2024-02-13 12:12:48.930460,indodax
880,777692000.0,84.65,2024-02-13 12:12:50.009796,indodax
881,777692000.0,84.65,2024-02-13 12:12:51.081548,indodax
882,777692000.0,84.65,2024-02-13 12:12:52.216542,indodax
883,777692000.0,84.65,2024-02-13 12:12:53.276018,indodax
884,777692000.0,84.65,2024-02-13 12:12:54.407625,indodax
885,777692000.0,84.65,2024-02-13 12:12:55.456035,indodax
886,777692000.0,84.65,2024-02-13 12:12:56.566459,indodax
887,777692000.0,84.65,2024-02-13 12:12:57.703339,indodax
888,777692000.0,84.65,2024-02-13 12:12:58.772733,indodax
889,777692000.0,84.65,2024-02-13 12:12:59.846755,indodax
890,777692000.0,84.65,2024-02-13 12:13:00.976213,indodax
891,777692000.0,84.65,2024-02-13 12:13:02.127321,indodax
892,777692000.0,84.65,2024-02-13 12:13:03.237135,indodax
893,777692000.0,84.65,2024-02-13 12:13:04.308214,indodax
894,777692000.0,84.65,2024-02-13 12:13:05.381418,indodax
895,777692000.0,84.59,2024-02-13 12:13:06.511575,indodax
896,777692000.0,84.65,2024-02-13 12:13:07.589787,indodax
897,777692000.0,84.59,2024-02-13 12:13:08.650859,indodax
898,777692000.0,84.59,2024-02-13 12:13:09.759081,indodax
899,777692000.0,84.59,2024-02-13 12:13:10.823657,indodax
900,777692000.0,84.59,2024-02-13 12:13:11.891418,indodax
901,777692000.0,84.59,2024-02-13 12:13:12.947868,indodax
902,777692000.0,84.59,2024-02-13 12:13:14.007265,indodax
903,777072000.0,84.59,2024-02-13 12:13:15.153049,indodax
904,777072000.0,84.59,2024-02-13 12:13:16.332602,indodax
905,777072000.0,84.59,2024-02-13 12:13:17.392305,indodax
906,777072000.0,84.59,2024-02-13 12:13:18.500548,indodax
907,777072000.0,84.59,2024-02-13 12:13:19.568225,indodax
908,777072000.0,84.59,2024-02-13 12:13:20.682238,indodax
909,777072000.0,84.59,2024-02-13 12:13:21.749827,indodax
910,777072000.0,84.59,2024-02-13 12:13:22.838643,indodax
911,777072000.0,84.59,2024-02-13 12:13:23.915621,indodax
912,777072000.0,84.59,2024-02-13 12:13:24.967517,indodax
913,777072000.0,84.59,2024-02-13 12:13:26.018420,indodax
914,777072000.0,84.59,2024-02-13 12:13:27.091701,indodax
915,777072000.0,84.59,2024-02-13 12:13:28.151465,indodax
916,777072000.0,84.59,2024-02-13 12:13:29.273940,indodax
917,777072000.0,84.59,2024-02-13 12:13:30.380942,indodax
918,777072000.0,84.59,2024-02-13 12:13:31.453137,indodax
919,777072000.0,84.59,2024-02-13 12:13:32.578933,indodax
920,777072000.0,84.59,2024-02-13 12:13:33.719604,indodax
921,777072000.0,84.59,2024-02-13 12:13:34.849307,indodax
922,777072000.0,84.59,2024-02-13 12:13:35.926082,indodax
923,777072000.0,84.59,2024-02-13 12:13:37.011033,indodax
924,777072000.0,84.59,2024-02-13 12:13:38.165239,indodax
925,777072000.0,84.59,2024-02-13 12:13:39.224369,indodax
926,777072000.0,84.59,2024-02-13 12:13:40.346242,indodax
927,777072000.0,84.59,2024-02-13 12:13:41.502075,indodax
928,777072000.0,84.59,2024-02-13 12:13:42.561251,indodax
929,777074000.0,84.59,2024-02-13 12:13:43.685294,indodax
930,777074000.0,84.59,2024-02-13 12:13:44.835039,indodax
931,777072000.0,84.59,2024-02-13 12:13:45.925006,indodax
932,777074000.0,84.59,2024-02-13 12:13:47.144288,indodax
933,777074000.0,84.59,2024-02-13 12:13:48.281614,indodax
934,777074000.0,84.59,2024-02-13 12:13:49.330036,indodax
935,777074000.0,84.59,2024-02-13 12:13:50.460407,indodax
936,777074000.0,84.59,2024-02-13 12:13:51.528367,indodax
937,777074000.0,84.59,2024-02-13 12:13:52.575179,indodax
938,777074000.0,84.59,2024-02-13 12:13:53.691719,indodax
939,777074000.0,84.59,2024-02-13 12:13:54.752691,indodax
940,777074000.0,84.59,2024-02-13 12:13:55.904407,indodax
941,777074000.0,84.59,2024-02-13 12:13:57.039053,indodax
942,777074000.0,84.59,2024-02-13 12:13:58.110850,indodax
943,777074000.0,84.59,2024-02-13 12:13:59.160931,indodax
944,777074000.0,84.59,2024-02-13 12:14:00.231515,indodax
945,777074000.0,84.59,2024-02-13 12:14:01.373042,indodax
946,777074000.0,84.59,2024-02-13 12:14:02.524633,indodax
947,777074000.0,84.59,2024-02-13 12:14:03.608013,indodax
948,777075000.0,84.64,2024-02-13 12:14:04.751086,indodax
949,777075000.0,84.64,2024-02-13 12:14:05.824837,indodax
950,777075000.0,84.64,2024-02-13 12:14:06.990596,indodax
951,777075000.0,84.64,2024-02-13 12:14:08.048388,indodax
952,777075000.0,84.64,2024-02-13 12:14:09.174067,indodax
953,777075000.0,84.64,2024-02-13 12:14:10.298573,indodax
954,777075000.0,84.64,2024-02-13 12:14:11.440121,indodax
955,777075000.0,84.64,2024-02-13 12:14:12.534005,indodax
956,777075000.0,84.64,2024-02-13 12:14:13.591814,indodax
957,777075000.0,84.64,2024-02-13 12:14:14.675606,indodax
958,777075000.0,84.64,2024-02-13 12:14:15.727416,indodax
959,777075000.0,84.64,2024-02-13 12:14:16.890825,indodax
960,777075000.0,84.64,2024-02-13 12:14:17.992401,indodax
961,777075000.0,84.64,2024-02-13 12:14:19.121457,indodax
962,777075000.0,84.64,2024-02-13 12:14:20.195985,indodax
963,777075000.0,84.64,2024-02-13 12:14:21.255900,indodax
964,777075000.0,84.64,2024-02-13 12:14:22.307309,indodax
965,777100000.0,84.64,2024-02-13 12:14:23.413329,indodax
966,777100000.0,84.64,2024-02-13 12:14:24.535881,indodax
967,777100000.0,84.64,2024-02-13 12:14:25.584895,indodax
968,777100000.0,84.64,2024-02-13 12:14:26.664775,indodax
969,777100000.0,84.64,2024-02-13 12:14:27.745434,indodax
970,777100000.0,84.64,2024-02-13 12:14:28.795092,indodax
971,777100000.0,84.64,2024-02-13 12:14:29.859915,indodax
972,777100000.0,84.64,2024-02-13 12:14:30.914206,indodax
973,777100000.0,84.64,2024-02-13 12:14:32.032350,indodax
974,777100000.0,84.64,2024-02-13 12:14:33.181937,indodax
975,777100000.0,84.64,2024-02-13 12:14:34.242464,indodax
976,777100000.0,84.64,2024-02-13 12:14:35.356006,indodax
977,777100000.0,84.64,2024-02-13 12:14:36.440059,indodax
978,777692000.0,84.64,2024-02-13 12:14:37.565349,indodax
979,777100000.0,84.64,2024-02-13 12:14:38.625675,indodax
980,777692000.0,84.64,2024-02-13 12:14:39.673617,indodax
981,777100000.0,84.64,2024-02-13 12:14:40.908986,indodax
982,777692000.0,84.64,2024-02-13 12:14:42.057304,indodax
983,777692000.0,84.64,2024-02-13 12:14:43.207448,indodax
984,777692000.0,84.64,2024-02-13 12:14:44.297368,indodax
985,777692000.0,84.64,2024-02-13 12:14:45.441278,indodax
986,777692000.0,84.64,2024-02-13 12:14:46.502904,indodax
987,777692000.0,84.64,2024-02-13 12:14:47.615709,indodax
988,777692000.0,84.64,2024-02-13 12:14:48.677567,indodax
989,777692000.0,84.64,2024-02-13 12:14:49.781909,indodax
990,777692000.0,84.64,2024-02-13 12:14:50.881801,indodax
991,777692000.0,84.64,2024-02-13 12:14:51.937703,indodax
992,777692000.0,84.64,2024-02-13 12:14:53.049836,indodax
993,777692000.0,84.64,2024-02-13 12:14:54.099540,indodax
994,777692000.0,84.64,2024-02-13 12:14:55.188367,indodax
995,777692000.0,84.64,2024-02-13 12:14:56.296119,indodax
996,777692000.0,84.64,2024-02-13 12:14:57.343398,indodax
997,777692000.0,84.64,2024-02-13 12:14:58.399603,indodax
998,777091000.0,84.64,2024-02-13 12:14:59.532076,indodax
999,777091000.0,84.64,2024-02-13 12:15:00.649389,indodax
1000,777692000.0,84.64,2024-02-13 12:15:01.713661,indodax
1001,777091000.0,84.64,2024-02-13 12:15:02.801374,indodax
1002,777091000.0,84.64,2024-02-13 12:15:03.864930,indodax
1003,777100000.0,84.64,2024-02-13 12:15:05.031287,indodax
1004,777100000.0,84.64,2024-02-13 12:15:06.126769,indodax
1005,777100000.0,84.64,2024-02-13 12:15:07.242824,indodax
1006,777100000.0,84.64,2024-02-13 12:15:08.363847,indodax
1007,777100000.0,84.64,2024-02-13 12:15:09.523600,indodax
1008,777100000.0,84.64,2024-02-13 12:15:10.581025,indodax
1009,777100000.0,84.64,2024-02-13 12:15:11.634813,indodax
1010,777100000.0,84.64,2024-02-13 12:15:12.691961,indodax
1011,777100000.0,84.64,2024-02-13 12:15:13.850328,indodax
1012,777100000.0,84.64,2024-02-13 12:15:14.966064,indodax
1013,777100000.0,84.64,2024-02-13 12:15:16.013681,indodax
1014,777100000.0,84.64,2024-02-13 12:15:17.124965,indodax
1015,777100000.0,84.64,2024-02-13 12:15:18.182850,indodax
1016,777100000.0,84.64,2024-02-13 12:15:19.320751,indodax
1017,777100000.0,84.64,2024-02-13 12:15:20.431289,indodax
1018,777100000.0,84.64,2024-02-13 12:15:21.524148,indodax
1019,777100000.0,84.64,2024-02-13 12:15:22.592726,indodax
1020,777100000.0,84.64,2024-02-13 12:15:23.656993,indodax
1021,777100000.0,84.64,2024-02-13 12:15:24.727075,indodax
1022,777100000.0,84.64,2024-02-13 12:15:25.773187,indodax
1023,777100000.0,84.64,2024-02-13 12:15:26.881720,indodax
1024,777100000.0,84.64,2024-02-13 12:15:27.997255,indodax
1025,777100000.0,84.64,2024-02-13 12:15:29.047529,indodax
1026,777100000.0,84.64,2024-02-13 12:15:30.143933,indodax
1027,777100000.0,84.64,2024-02-13 12:15:31.228722,indodax
1028,777100000.0,84.64,2024-02-13 12:15:32.373374,indodax
1029,777100000.0,84.64,2024-02-13 12:15:33.490841,indodax
1030,777100000.0,84.64,2024-02-13 12:15:34.615224,indodax
1031,777100000.0,84.64,2024-02-13 12:15:35.679312,indodax
1032,777100000.0,84.64,2024-02-13 12:15:36.763482,indodax
1033,777100000.0,84.64,2024-02-13 12:15:37.876876,indodax
1034,777100000.0,84.64,2024-02-13 12:15:38.958784,indodax
1035,777102000.0,84.64,2024-02-13 12:15:40.102358,indodax
1036,777102000.0,84.64,2024-02-13 12:15:41.209528,indodax
1037,777102000.0,84.64,2024-02-13 12:15:42.270669,indodax
1038,777102000.0,84.64,2024-02-13 12:15:43.390728,indodax
1039,777102000.0,84.64,2024-02-13 12:15:44.498623,indodax
1040,777500000.0,84.64,2024-02-13 12:15:45.625326,indodax
1041,777102000.0,84.64,2024-02-13 12:15:46.686391,indodax
1042,777500000.0,84.64,2024-02-13 12:15:47.736710,indodax
1043,777500000.0,84.64,2024-02-13 12:15:48.865650,indodax
1044,777500000.0,84.64,2024-02-13 12:15:50.039530,indodax
1045,777500000.0,84.64,2024-02-13 12:15:51.164608,indodax
1046,777500000.0,84.64,2024-02-13 12:15:52.311176,indodax
1047,777500000.0,84.64,2024-02-13 12:15:53.373343,indodax
1048,777500000.0,84.64,2024-02-13 12:15:54.485754,indodax
1049,777500000.0,84.64,2024-02-13 12:15:55.548823,indodax
1050,777500000.0,84.64,2024-02-13 12:15:56.654841,indodax
1051,777500000.0,84.64,2024-02-13 12:15:57.713827,indodax
1052,777500000.0,84.64,2024-02-13 12:15:58.774470,indodax
1053,777500000.0,84.64,2024-02-13 12:15:59.853782,indodax
1054,777500000.0,84.64,2024-02-13 12:16:00.919167,indodax
1055,777500000.0,84.64,2024-02-13 12:16:01.994381,indodax
1056,777500000.0,84.64,2024-02-13 12:16:03.058034,indodax
1057,777500000.0,84.64,2024-02-13 12:16:04.123721,indodax
1058,777500000.0,84.64,2024-02-13 12:16:05.225023,indodax
1059,777500000.0,84.64,2024-02-13 12:16:06.339448,indodax
1060,777500000.0,84.64,2024-02-13 12:16:07.419163,indodax
1061,777500000.0,84.64,2024-02-13 12:16:08.565745,indodax
1062,777500000.0,84.64,2024-02-13 12:16:09.666001,indodax
1063,777500000.0,84.64,2024-02-13 12:16:10.736142,indodax
1064,777500000.0,84.64,2024-02-13 12:16:11.783866,indodax
1065,777500000.0,84.64,2024-02-13 12:16:12.895084,indodax
1066,777500000.0,84.64,2024-02-13 12:16:13.949297,indodax
1067,777500000.0,84.64,2024-02-13 12:16:15.084062,indodax
1068,777500000.0,84.64,2024-02-13 12:16:16.141482,indodax
1069,777500000.0,84.64,2024-02-13 12:16:17.204915,indodax
1070,777500000.0,84.64,2024-02-13 12:16:18.349839,indodax
1071,777500000.0,84.64,2024-02-13 12:16:19.493914,indodax
1072,777500000.0,84.64,2024-02-13 12:16:20.580617,indodax
1073,777500000.0,84.64,2024-02-13 12:16:21.697329,indodax
1074,777500000.0,84.64,2024-02-13 12:16:22.778202,indodax
1075,777500000.0,84.64,2024-02-13 12:16:23.918944,indodax
1076,777500000.0,84.64,2024-02-13 12:16:24.959090,indodax
1077,777500000.0,84.64,2024-02-13 12:16:26.078824,indodax
1078,777500000.0,84.64,2024-02-13 12:16:27.214912,indodax
1079,777500000.0,84.64,2024-02-13 12:16:28.269936,indodax
1080,777500000.0,84.64,2024-02-13 12:16:29.468905,indodax
1081,777500000.0,84.64,2024-02-13 12:16:30.544197,indodax
1082,777500000.0,84.64,2024-02-13 12:16:31.614756,indodax
1083,777500000.0,84.64,2024-02-13 12:16:32.717822,indodax
1084,777500000.0,84.64,2024-02-13 12:16:33.846775,indodax
1085,777500000.0,84.64,2024-02-13 12:16:34.917244,indodax
1086,777500000.0,84.64,2024-02-13 12:16:36.066120,indodax
1087,777500000.0,84.64,2024-02-13 12:16:37.214290,indodax
1088,777500000.0,84.64,2024-02-13 12:16:38.317457,indodax
1089,777500000.0,84.64,2024-02-13 12:16:39.365701,indodax
1090,777500000.0,84.64,2024-02-13 12:16:40.467544,indodax
1091,777500000.0,84.64,2024-02-13 12:16:41.542808,indodax
1092,777500000.0,84.64,2024-02-13 12:16:42.627010,indodax
1093,777500000.0,84.64,2024-02-13 12:16:43.697819,indodax
1094,777500000.0,84.64,2024-02-13 12:16:44.746234,indodax
1095,777500000.0,84.64,2024-02-13 12:16:45.802258,indodax
1096,777500000.0,84.64,2024-02-13 12:16:46.934300,indodax
1097,777500000.0,84.64,2024-02-13 12:16:48.013027,indodax
1098,777500000.0,84.64,2024-02-13 12:16:49.175359,indodax
1099,777500000.0,84.64,2024-02-13 12:16:50.240873,indodax
1100,777500000.0,84.64,2024-02-13 12:16:51.314984,indodax
1101,777500000.0,84.64,2024-02-13 12:16:52.363139,indodax
1102,777500000.0,84.64,2024-02-13 12:16:53.478048,indodax
1103,777500000.0,84.64,2024-02-13 12:16:54.556778,indodax
1104,777500000.0,84.64,2024-02-13 12:16:55.686643,indodax
1105,777500000.0,84.64,2024-02-13 12:16:56.764937,indodax
1106,777500000.0,84.64,2024-02-13 12:16:57.817904,indodax
1107,777500000.0,84.64,2024-02-13 12:16:58.890623,indodax
1108,777500000.0,84.64,2024-02-13 12:16:59.994032,indodax
1109,777500000.0,84.64,2024-02-13 12:17:01.044214,indodax
1110,777500000.0,84.66,2024-02-13 12:17:02.170212,indodax
1111,777500000.0,84.66,2024-02-13 12:17:03.315460,indodax
1112,777500000.0,84.64,2024-02-13 12:17:04.397889,indodax
1113,777500000.0,84.66,2024-02-13 12:17:05.510720,indodax
1114,777500000.0,84.66,2024-02-13 12:17:06.645262,indodax
1115,777500000.0,84.66,2024-02-13 12:17:07.691203,indodax
1116,777500000.0,84.66,2024-02-13 12:17:08.743356,indodax
1117,777500000.0,84.66,2024-02-13 12:17:09.800622,indodax
1118,777500000.0,84.66,2024-02-13 12:17:10.885938,indodax
1119,777500000.0,84.66,2024-02-13 12:17:12.015684,indodax
1120,777500000.0,84.66,2024-02-13 12:17:13.170911,indodax
1121,777500000.0,84.66,2024-02-13 12:17:14.215429,indodax
1122,777500000.0,84.66,2024-02-13 12:17:15.300642,indodax
1123,777500000.0,84.66,2024-02-13 12:17:16.356842,indodax
1124,777692000.0,84.66,2024-02-13 12:17:17.468382,indodax
1125,777692000.0,84.66,2024-02-13 12:17:18.604143,indodax
1126,777692000.0,84.66,2024-02-13 12:17:19.673633,indodax
1127,777692000.0,84.66,2024-02-13 12:17:20.832258,indodax
1128,777692000.0,84.66,2024-02-13 12:17:21.896860,indodax
1129,777692000.0,84.66,2024-02-13 12:17:23.105672,indodax
1130,777692000.0,84.66,2024-02-13 12:17:24.239954,indodax
1131,777692000.0,84.66,2024-02-13 12:17:25.384534,indodax
1132,777692000.0,84.66,2024-02-13 12:17:26.444717,indodax
1133,777125000.0,84.66,2024-02-13 12:17:27.547954,indodax
1134,777692000.0,84.66,2024-02-13 12:17:28.604886,indodax
1135,777125000.0,84.66,2024-02-13 12:17:29.747050,indodax
1136,777125000.0,84.66,2024-02-13 12:17:30.826315,indodax
1137,777125000.0,84.66,2024-02-13 12:17:31.877849,indodax
1138,777125000.0,84.66,2024-02-13 12:17:32.926270,indodax
1139,777125000.0,84.66,2024-02-13 12:17:34.004996,indodax
1140,777125000.0,84.66,2024-02-13 12:17:35.133753,indodax
1141,777125000.0,84.66,2024-02-13 12:17:36.290175,indodax
1142,777125000.0,84.66,2024-02-13 12:17:37.417595,indodax
1143,777125000.0,84.66,2024-02-13 12:17:38.467591,indodax
1144,777125000.0,84.66,2024-02-13 12:17:39.509049,indodax
1145,777125000.0,84.66,2024-02-13 12:17:40.563856,indodax
1146,777125000.0,84.66,2024-02-13 12:17:41.685841,indodax
1147,777125000.0,84.66,2024-02-13 12:17:42.842984,indodax
1148,777125000.0,84.66,2024-02-13 12:17:43.890638,indodax
1149,777125000.0,84.66,2024-02-13 12:17:45.038167,indodax
1150,777125000.0,84.66,2024-02-13 12:17:46.090751,indodax
1151,777125000.0,84.66,2024-02-13 12:17:47.139675,indodax
1152,777125000.0,84.66,2024-02-13 12:17:48.202495,indodax
1153,777125000.0,84.66,2024-02-13 12:17:49.310459,indodax
1154,777692000.0,84.66,2024-02-13 12:17:50.454498,indodax
1155,777125000.0,84.66,2024-02-13 12:17:51.511888,indodax
1156,777125000.0,84.66,2024-02-13 12:17:52.573708,indodax
1157,777692000.0,84.66,2024-02-13 12:17:53.647014,indodax
1158,777125000.0,84.66,2024-02-13 12:17:54.740688,indodax
1159,777692000.0,84.66,2024-02-13 12:17:55.854226,indodax
1160,777692000.0,84.66,2024-02-13 12:17:56.909546,indodax
1161,777692000.0,84.66,2024-02-13 12:17:57.953070,indodax
1162,777692000.0,84.66,2024-02-13 12:17:59.018153,indodax
1163,777692000.0,84.66,2024-02-13 12:18:00.142416,indodax
1164,777692000.0,84.66,2024-02-13 12:18:01.241167,indodax
1165,777692000.0,84.66,2024-02-13 12:18:02.370375,indodax
1166,777128000.0,84.54,2024-02-13 12:18:03.520592,indodax
1167,777692000.0,84.66,2024-02-13 12:18:04.585071,indodax
1168,777692000.0,84.66,2024-02-13 12:18:05.667206,indodax
1169,777128000.0,84.54,2024-02-13 12:18:06.814461,indodax
1170,777692000.0,84.54,2024-02-13 12:18:07.976819,indodax
1171,777692000.0,84.54,2024-02-13 12:18:09.050095,indodax
1172,777128000.0,84.54,2024-02-13 12:18:10.144263,indodax
1173,777128000.0,84.54,2024-02-13 12:18:11.198141,indodax
1174,777692000.0,84.54,2024-02-13 12:18:12.322805,indodax
1175,777692000.0,84.54,2024-02-13 12:18:13.435197,indodax
1176,777692000.0,84.54,2024-02-13 12:18:14.555647,indodax
1177,777127000.0,84.54,2024-02-13 12:18:15.697015,indodax
1178,777692000.0,84.54,2024-02-13 12:18:16.797993,indodax
1179,777127000.0,84.54,2024-02-13 12:18:17.911193,indodax
1180,777692000.0,84.54,2024-02-13 12:18:18.970761,indodax
1181,777127000.0,84.54,2024-02-13 12:18:20.184375,indodax
1182,777127000.0,84.54,2024-02-13 12:18:21.290022,indodax
1183,777127000.0,84.54,2024-02-13 12:18:22.339977,indodax
1184,777127000.0,84.54,2024-02-13 12:18:23.414271,indodax
1185,777127000.0,84.54,2024-02-13 12:18:24.500292,indodax
1186,777127000.0,84.54,2024-02-13 12:18:25.566952,indodax
1187,777127000.0,84.54,2024-02-13 12:18:26.622260,indodax
1188,777127000.0,84.54,2024-02-13 12:18:27.664862,indodax
1189,777128000.0,84.54,2024-02-13 12:18:28.804995,indodax
1190,777127000.0,84.54,2024-02-13 12:18:29.866525,indodax
1191,777128000.0,84.54,2024-02-13 12:18:30.949515,indodax
1192,777127000.0,84.54,2024-02-13 12:18:31.996468,indodax
1193,777128000.0,84.54,2024-02-13 12:18:33.113434,indodax
1194,777128000.0,84.54,2024-02-13 12:18:34.264471,indodax
1195,777128000.0,84.54,2024-02-13 12:18:35.327050,indodax
1196,777128000.0,84.54,2024-02-13 12:18:36.460380,indodax
1197,777128000.0,84.54,2024-02-13 12:18:37.526584,indodax
1198,777128000.0,84.54,2024-02-13 12:18:38.588892,indodax
1199,777128000.0,84.54,2024-02-13 12:18:39.656009,indodax
1200,777128000.0,84.54,2024-02-13 12:18:40.707074,indodax
1201,777128000.0,84.54,2024-02-13 12:18:41.831807,indodax
1202,777128000.0,84.54,2024-02-13 12:18:42.886035,indodax
1203,777128000.0,84.54,2024-02-13 12:18:43.933139,indodax
1204,777128000.0,84.54,2024-02-13 12:18:45.004868,indodax
1205,777128000.0,84.54,2024-02-13 12:18:46.075876,indodax
1206,777128000.0,84.54,2024-02-13 12:18:47.124937,indodax
1207,777128000.0,84.54,2024-02-13 12:18:48.245526,indodax
1208,777128000.0,84.54,2024-02-13 12:18:49.364505,indodax
1209,777128000.0,84.54,2024-02-13 12:18:50.484669,indodax
1210,777128000.0,84.54,2024-02-13 12:18:51.527969,indodax
1211,777128000.0,84.54,2024-02-13 12:18:52.565260,indodax
1212,777128000.0,84.54,2024-02-13 12:18:53.646241,indodax
1213,777128000.0,84.54,2024-02-13 12:18:54.724245,indodax
1214,777128000.0,84.54,2024-02-13 12:18:55.822554,indodax
1215,777128000.0,84.54,2024-02-13 12:18:56.941237,indodax
1216,777128000.0,84.54,2024-02-13 12:18:58.021683,indodax
1217,777128000.0,84.54,2024-02-13 12:18:59.160952,indodax
1218,777128000.0,84.54,2024-02-13 12:19:00.231182,indodax
1219,777128000.0,84.54,2024-02-13 12:19:01.354577,indodax
1220,777128000.0,84.54,2024-02-13 12:19:02.415434,indodax
1221,777128000.0,84.54,2024-02-13 12:19:03.464984,indodax
1222,777128000.0,84.54,2024-02-13 12:19:04.519094,indodax
1223,777128000.0,84.52,2024-02-13 12:19:05.602547,indodax
1224,777128000.0,84.54,2024-02-13 12:19:06.686561,indodax
1225,777128000.0,84.52,2024-02-13 12:19:07.734784,indodax
1226,777128000.0,84.52,2024-02-13 12:19:08.846817,indodax
1227,777128000.0,84.52,2024-02-13 12:19:09.976148,indodax
1228,777128000.0,84.52,2024-02-13 12:19:11.086623,indodax
1229,777128000.0,84.52,2024-02-13 12:19:12.149777,indodax
1230,777128000.0,84.52,2024-02-13 12:19:13.214111,indodax
1231,777128000.0,84.52,2024-02-13 12:19:14.283997,indodax
1232,777128000.0,84.52,2024-02-13 12:19:15.331508,indodax
1233,777151000.0,84.52,2024-02-13 12:19:16.468854,indodax
1234,777151000.0,84.52,2024-02-13 12:19:17.542391,indodax
1235,777151000.0,84.52,2024-02-13 12:19:18.656466,indodax
1236,777151000.0,84.52,2024-02-13 12:19:19.771295,indodax
1237,777151000.0,84.52,2024-02-13 12:19:20.821673,indodax
1238,777151000.0,84.52,2024-02-13 12:19:21.874040,indodax
1239,777689000.0,84.52,2024-02-13 12:19:23.028929,indodax
1240,777689000.0,84.52,2024-02-13 12:19:24.138747,indodax
1241,777689000.0,84.52,2024-02-13 12:19:25.282439,indodax
1242,777689000.0,84.52,2024-02-13 12:19:26.337946,indodax
1243,777689000.0,84.52,2024-02-13 12:19:27.402798,indodax
1244,777689000.0,84.52,2024-02-13 12:19:28.452651,indodax
1245,777689000.0,84.52,2024-02-13 12:19:29.503532,indodax
1246,777689000.0,84.52,2024-02-13 12:19:30.632695,indodax
1247,777689000.0,84.52,2024-02-13 12:19:31.706894,indodax
1248,777689000.0,84.52,2024-02-13 12:19:32.813489,indodax
1249,777689000.0,84.52,2024-02-13 12:19:33.926023,indodax
1250,777150000.0,84.52,2024-02-13 12:19:35.057000,indodax
1251,777689000.0,84.52,2024-02-13 12:19:36.136409,indodax
1252,777150000.0,84.52,2024-02-13 12:19:37.270129,indodax
1253,777150000.0,84.52,2024-02-13 12:19:38.345837,indodax
1254,777150000.0,84.52,2024-02-13 12:19:39.489537,indodax
1255,777150000.0,84.52,2024-02-13 12:19:40.539714,indodax
1256,777150000.0,84.52,2024-02-13 12:19:41.604537,indodax
1257,777150000.0,84.52,2024-02-13 12:19:42.683355,indodax
1258,777150000.0,84.52,2024-02-13 12:19:43.808582,indodax
1259,777150000.0,84.52,2024-02-13 12:19:44.918251,indodax
1260,777150000.0,84.52,2024-02-13 12:19:46.036115,indodax
1261,777150000.0,84.52,2024-02-13 12:19:47.119336,indodax
1262,777150000.0,84.52,2024-02-13 12:19:48.247345,indodax
1263,777150000.0,84.52,2024-02-13 12:19:49.318932,indodax
1264,777150000.0,84.52,2024-02-13 12:19:50.365968,indodax
1265,777150000.0,84.52,2024-02-13 12:19:51.494585,indodax
1266,777150000.0,84.52,2024-02-13 12:19:52.651009,indodax
1267,777150000.0,84.52,2024-02-13 12:19:53.719009,indodax
1268,777150000.0,84.52,2024-02-13 12:19:54.804474,indodax
1269,777150000.0,84.52,2024-02-13 12:19:55.863735,indodax
1270,777150000.0,84.52,2024-02-13 12:19:56.944628,indodax
1271,777150000.0,84.52,2024-02-13 12:19:57.990804,indodax
1272,777150000.0,84.52,2024-02-13 12:19:59.035593,indodax
1273,777688000.0,84.52,2024-02-13 12:20:00.165845,indodax
1274,777688000.0,84.52,2024-02-13 12:20:01.301092,indodax
1275,777688000.0,84.52,2024-02-13 12:20:02.578106,indodax
1276,777688000.0,84.52,2024-02-13 12:20:03.682432,indodax
1277,777688000.0,84.53,2024-02-13 12:20:04.821236,indodax
1278,777688000.0,84.52,2024-02-13 12:20:05.887583,indodax
1279,777688000.0,84.52,2024-02-13 12:20:06.942242,indodax
1280,777688000.0,84.53,2024-02-13 12:20:08.013258,indodax
1281,777688000.0,84.53,2024-02-13 12:20:09.132340,indodax
1282,777688000.0,84.53,2024-02-13 12:20:10.358731,indodax
1283,777688000.0,84.53,2024-02-13 12:20:11.421878,indodax
1284,777688000.0,84.53,2024-02-13 12:20:12.542538,indodax
1285,777688000.0,84.53,2024-02-13 12:20:13.582870,indodax
1286,777688000.0,84.53,2024-02-13 12:20:14.651057,indodax
1287,777688000.0,84.53,2024-02-13 12:20:15.781164,indodax
1288,777688000.0,84.53,2024-02-13 12:20:16.929514,indodax
1289,777688000.0,84.53,2024-02-13 12:20:18.052653,indodax
1290,777688000.0,84.53,2024-02-13 12:20:19.136239,indodax
1291,777688000.0,84.53,2024-02-13 12:20:20.214548,indodax
1292,777688000.0,84.53,2024-02-13 12:20:21.275912,indodax
1293,777680000.0,84.53,2024-02-13 12:20:22.394736,indodax
1294,777680000.0,84.53,2024-02-13 12:20:23.708898,indodax
1295,777680000.0,84.53,2024-02-13 12:20:24.787161,indodax
1296,777680000.0,84.53,2024-02-13 12:20:25.917556,indodax
1297,777680000.0,84.53,2024-02-13 12:20:26.976413,indodax
1298,777680000.0,84.53,2024-02-13 12:20:28.088333,indodax
1299,777680000.0,84.53,2024-02-13 12:20:29.143903,indodax
1300,777680000.0,84.53,2024-02-13 12:20:30.254979,indodax
1301,777680000.0,84.53,2024-02-13 12:20:31.321060,indodax
1302,777680000.0,84.53,2024-02-13 12:20:32.382060,indodax
1303,777680000.0,84.53,2024-02-13 12:20:33.449303,indodax
1304,777680000.0,84.53,2024-02-13 12:20:34.513520,indodax
1305,777680000.0,84.53,2024-02-13 12:20:35.575691,indodax
1306,777650000.0,84.53,2024-02-13 12:20:36.751327,indodax
1307,777650000.0,84.53,2024-02-13 12:20:37.801847,indodax
1308,777650000.0,84.53,2024-02-13 12:20:38.878346,indodax
1309,777650000.0,84.53,2024-02-13 12:20:39.930354,indodax
1310,777650000.0,84.53,2024-02-13 12:20:40.974412,indodax
1311,777650000.0,84.53,2024-02-13 12:20:42.095998,indodax
1312,777650000.0,84.53,2024-02-13 12:20:43.230246,indodax
1313,777650000.0,84.53,2024-02-13 12:20:44.394076,indodax
1314,777650000.0,84.53,2024-02-13 12:20:45.458366,indodax
1315,777650000.0,84.53,2024-02-13 12:20:46.534805,indodax
1316,777160000.0,84.53,2024-02-13 12:20:47.643334,indodax
1317,777160000.0,84.53,2024-02-13 12:20:48.769240,indodax
1318,777160000.0,84.53,2024-02-13 12:20:49.883551,indodax
1319,777160000.0,84.53,2024-02-13 12:20:51.004371,indodax
1320,777160000.0,84.53,2024-02-13 12:20:52.052991,indodax
1321,777649000.0,84.53,2024-02-13 12:20:53.164501,indodax
1322,777160000.0,84.53,2024-02-13 12:20:54.233428,indodax
1323,777160000.0,84.53,2024-02-13 12:20:55.366672,indodax
1324,777160000.0,84.53,2024-02-13 12:20:56.439488,indodax
1325,777649000.0,84.53,2024-02-13 12:20:57.597679,indodax
1326,777649000.0,84.53,2024-02-13 12:20:58.666334,indodax
1327,777160000.0,84.53,2024-02-13 12:20:59.796567,indodax
1328,777160000.0,84.53,2024-02-13 12:21:00.909905,indodax
1329,777160000.0,84.53,2024-02-13 12:21:02.106191,indodax
1330,777649000.0,84.58,2024-02-13 12:21:03.234330,indodax
1331,777649000.0,84.58,2024-02-13 12:21:04.291508,indodax
1332,777649000.0,84.58,2024-02-13 12:21:05.425692,indodax
1333,777649000.0,84.58,2024-02-13 12:21:06.474949,indodax
1334,777649000.0,84.58,2024-02-13 12:21:07.600710,indodax
1335,777649000.0,84.58,2024-02-13 12:21:08.649595,indodax
1336,777649000.0,84.58,2024-02-13 12:21:09.722130,indodax
1337,777649000.0,84.58,2024-02-13 12:21:10.792890,indodax
1338,777649000.0,84.58,2024-02-13 12:21:11.908340,indodax
1339,777649000.0,84.58,2024-02-13 12:21:12.971911,indodax
1340,777649000.0,84.58,2024-02-13 12:21:14.022846,indodax
1341,777649000.0,84.58,2024-02-13 12:21:15.187738,indodax
1342,777649000.0,84.58,2024-02-13 12:21:16.269899,indodax
1343,777649000.0,84.58,2024-02-13 12:21:17.351409,indodax
1344,777649000.0,84.58,2024-02-13 12:21:18.408813,indodax
1345,777649000.0,84.58,2024-02-13 12:21:19.458662,indodax
1346,777649000.0,84.58,2024-02-13 12:21:20.524971,indodax
1347,777649000.0,84.58,2024-02-13 12:21:21.647960,indodax
1348,777649000.0,84.58,2024-02-13 12:21:22.794914,indodax
1349,777649000.0,84.58,2024-02-13 12:21:23.891671,indodax
1350,777649000.0,84.58,2024-02-13 12:21:25.014561,indodax
1351,777649000.0,84.58,2024-02-13 12:21:26.136949,indodax
1352,777649000.0,84.58,2024-02-13 12:21:27.227922,indodax
1353,777649000.0,84.58,2024-02-13 12:21:28.356601,indodax
1354,777649000.0,84.58,2024-02-13 12:21:29.456659,indodax
1355,777649000.0,84.58,2024-02-13 12:21:30.519386,indodax
1356,777649000.0,84.58,2024-02-13 12:21:31.651712,indodax
1357,777649000.0,84.58,2024-02-13 12:21:32.757400,indodax
1358,777649000.0,84.58,2024-02-13 12:21:33.819139,indodax
1359,777649000.0,84.58,2024-02-13 12:21:34.893765,indodax
1360,777649000.0,84.58,2024-02-13 12:21:36.027153,indodax
1361,777650000.0,84.58,2024-02-13 12:21:37.143156,indodax
1362,777649000.0,84.58,2024-02-13 12:21:38.290210,indodax
1363,777650000.0,84.58,2024-02-13 12:21:39.347266,indodax
1364,777650000.0,84.58,2024-02-13 12:21:40.472285,indodax
1365,777650000.0,84.58,2024-02-13 12:21:41.525649,indodax
1366,777650000.0,84.58,2024-02-13 12:21:42.595723,indodax
1367,777650000.0,84.58,2024-02-13 12:21:43.697509,indodax
1368,777650000.0,84.58,2024-02-13 12:21:44.764028,indodax
1369,777650000.0,84.58,2024-02-13 12:21:45.860877,indodax
1370,777650000.0,84.58,2024-02-13 12:21:46.965579,indodax
1371,777650000.0,84.58,2024-02-13 12:21:48.008065,indodax
1372,777650000.0,84.58,2024-02-13 12:21:49.058247,indodax
1373,777650000.0,84.58,2024-02-13 12:21:50.108410,indodax
1374,777650000.0,84.58,2024-02-13 12:21:51.173163,indodax
1375,777650000.0,84.58,2024-02-13 12:21:52.251105,indodax
1376,777650000.0,84.58,2024-02-13 12:21:53.395155,indodax
1377,777650000.0,84.58,2024-02-13 12:21:54.533270,indodax
1378,777650000.0,84.58,2024-02-13 12:21:55.657357,indodax
1379,777650000.0,84.58,2024-02-13 12:21:56.704508,indodax
1380,777650000.0,84.58,2024-02-13 12:21:57.772900,indodax
1381,777650000.0,84.58,2024-02-13 12:21:58.817463,indodax
1382,777650000.0,84.58,2024-02-13 12:21:59.875191,indodax
1383,777650000.0,84.58,2024-02-13 12:22:01.024894,indodax
1384,777650000.0,84.58,2024-02-13 12:22:02.149268,indodax
1385,777649000.0,84.58,2024-02-13 12:22:03.213631,indodax
1386,777650000.0,84.58,2024-02-13 12:22:04.275209,indodax
1387,777649000.0,84.58,2024-02-13 12:22:05.354929,indodax
1388,777649000.0,84.58,2024-02-13 12:22:06.417144,indodax
1389,777650000.0,84.58,2024-02-13 12:22:07.488010,indodax
1390,777649000.0,84.59,2024-02-13 12:22:08.618364,indodax
1391,777649000.0,84.59,2024-02-13 12:22:09.861756,indodax
1392,777649000.0,84.59,2024-02-13 12:22:10.908142,indodax
1393,777649000.0,84.59,2024-02-13 12:22:11.966400,indodax
1394,777649000.0,84.59,2024-02-13 12:22:13.074094,indodax
1395,777649000.0,84.59,2024-02-13 12:22:14.222250,indodax
1396,777649000.0,84.59,2024-02-13 12:22:15.291065,indodax
1397,777649000.0,84.59,2024-02-13 12:22:16.419405,indodax
1398,777649000.0,84.59,2024-02-13 12:22:17.534171,indodax
1399,777649000.0,84.59,2024-02-13 12:22:18.591927,indodax
1400,777649000.0,84.59,2024-02-13 12:22:19.647998,indodax
1401,777649000.0,84.59,2024-02-13 12:22:20.705636,indodax
1402,777650000.0,84.59,2024-02-13 12:22:21.757481,indodax
1403,777650000.0,84.59,2024-02-13 12:22:22.808239,indodax
1404,777650000.0,84.59,2024-02-13 12:22:23.921451,indodax
1405,777650000.0,84.59,2024-02-13 12:22:24.998657,indodax
1406,777650000.0,84.59,2024-02-13 12:22:26.109365,indodax
1407,777650000.0,84.59,2024-02-13 12:22:27.185991,indodax
1408,777650000.0,84.59,2024-02-13 12:22:28.336957,indodax
1409,777650000.0,84.59,2024-02-13 12:22:29.419039,indodax
1410,777650000.0,84.59,2024-02-13 12:22:30.494838,indodax
1411,777650000.0,84.59,2024-02-13 12:22:31.619476,indodax
1412,777650000.0,84.59,2024-02-13 12:22:32.731903,indodax
1413,777650000.0,84.59,2024-02-13 12:22:33.791586,indodax
1414,777650000.0,84.59,2024-02-13 12:22:34.956634,indodax
1415,777650000.0,84.59,2024-02-13 12:22:36.044419,indodax
1416,777650000.0,84.59,2024-02-13 12:22:37.169042,indodax
1417,777650000.0,84.59,2024-02-13 12:22:38.236804,indodax
1418,777650000.0,84.59,2024-02-13 12:22:39.297342,indodax
1419,777650000.0,84.59,2024-02-13 12:22:40.356550,indodax
1420,777650000.0,84.59,2024-02-13 12:22:41.412477,indodax
1421,777650000.0,84.59,2024-02-13 12:22:42.632308,indodax
1422,777650000.0,84.59,2024-02-13 12:22:43.680656,indodax
1423,777650000.0,84.59,2024-02-13 12:22:44.726933,indodax
1424,777650000.0,84.59,2024-02-13 12:22:45.779511,indodax
1425,777650000.0,84.59,2024-02-13 12:22:46.823496,indodax
1426,777650000.0,84.59,2024-02-13 12:22:47.884990,indodax
1427,777649000.0,84.59,2024-02-13 12:22:49.002129,indodax
1428,777649000.0,84.59,2024-02-13 12:22:50.135279,indodax
1429,777649000.0,84.59,2024-02-13 12:22:51.209593,indodax
1430,777649000.0,84.59,2024-02-13 12:22:52.374024,indodax
1431,777649000.0,84.59,2024-02-13 12:22:53.432467,indodax
1432,777649000.0,84.59,2024-02-13 12:22:54.496778,indodax
1433,777649000.0,84.59,2024-02-13 12:22:55.605092,indodax
1434,777649000.0,84.59,2024-02-13 12:22:56.764908,indodax
1435,777649000.0,84.59,2024-02-13 12:22:57.882234,indodax
1436,777649000.0,84.59,2024-02-13 12:22:59.002968,indodax
1437,777649000.0,84.59,2024-02-13 12:23:00.126793,indodax
1438,777649000.0,84.59,2024-02-13 12:23:01.244921,indodax
1439,777649000.0,84.59,2024-02-13 12:23:02.378609,indodax
1440,777649000.0,84.59,2024-02-13 12:23:03.430068,indodax
1441,777649000.0,84.59,2024-02-13 12:23:04.511095,indodax
1442,777649000.0,84.59,2024-02-13 12:23:05.579026,indodax
1443,777649000.0,84.59,2024-02-13 12:23:06.654206,indodax
1444,777649000.0,84.59,2024-02-13 12:23:07.774249,indodax
1445,777650000.0,84.59,2024-02-13 12:23:08.976824,indodax
1446,777649000.0,84.59,2024-02-13 12:23:10.056763,indodax
1447,777650000.0,84.59,2024-02-13 12:23:11.142074,indodax
1448,777650000.0,84.59,2024-02-13 12:23:12.211120,indodax
1449,777650000.0,84.59,2024-02-13 12:23:13.288475,indodax
1450,777650000.0,84.59,2024-02-13 12:23:14.357582,indodax
1451,777650000.0,84.59,2024-02-13 12:23:15.440390,indodax
1452,777650000.0,84.59,2024-02-13 12:23:16.499222,indodax
1453,777650000.0,84.59,2024-02-13 12:23:17.558460,indodax
1454,777650000.0,84.59,2024-02-13 12:23:18.622106,indodax
1455,777650000.0,84.59,2024-02-13 12:23:19.703852,indodax
1456,777650000.0,84.59,2024-02-13 12:23:20.821083,indodax
1457,777650000.0,84.59,2024-02-13 12:23:21.901692,indodax
1458,777650000.0,84.59,2024-02-13 12:23:23.034182,indodax
1459,777650000.0,84.59,2024-02-13 12:23:24.097945,indodax
1460,777650000.0,84.59,2024-02-13 12:23:25.166359,indodax
1461,777650000.0,84.59,2024-02-13 12:23:26.247952,indodax
1462,777650000.0,84.59,2024-02-13 12:23:27.324163,indodax
1463,777650000.0,84.59,2024-02-13 12:23:28.442664,indodax
1464,777650000.0,84.59,2024-02-13 12:23:29.490673,indodax
1465,777650000.0,84.59,2024-02-13 12:23:30.606312,indodax
1466,777650000.0,84.59,2024-02-13 12:23:31.685061,indodax
1467,777650000.0,84.59,2024-02-13 12:23:32.746270,indodax
1468,777650000.0,84.59,2024-02-13 12:23:33.864984,indodax
1469,777650000.0,84.59,2024-02-13 12:23:34.935872,indodax
1470,777650000.0,84.59,2024-02-13 12:23:36.136548,indodax
1471,777650000.0,84.59,2024-02-13 12:23:37.291386,indodax
1472,777650000.0,84.59,2024-02-13 12:23:38.341050,indodax
1473,777650000.0,84.59,2024-02-13 12:23:39.482069,indodax
1474,777649000.0,84.59,2024-02-13 12:23:40.601494,indodax
1475,777649000.0,84.59,2024-02-13 12:23:41.688863,indodax
1476,777650000.0,84.59,2024-02-13 12:23:42.753372,indodax
1477,777649000.0,84.59,2024-02-13 12:23:43.814592,indodax
1478,777649000.0,84.59,2024-02-13 12:23:44.899424,indodax
1479,777649000.0,84.59,2024-02-13 12:23:46.050564,indodax
1480,777649000.0,84.59,2024-02-13 12:23:47.121187,indodax
1481,777649000.0,84.59,2024-02-13 12:23:48.251942,indodax
1482,777649000.0,84.59,2024-02-13 12:23:49.337043,indodax
1483,777649000.0,84.59,2024-02-13 12:23:50.453382,indodax
1484,777649000.0,84.59,2024-02-13 12:23:51.518398,indodax
1485,777650000.0,84.59,2024-02-13 12:23:52.664621,indodax
1486,777649000.0,84.59,2024-02-13 12:23:53.754437,indodax
1487,777649000.0,84.59,2024-02-13 12:23:54.808720,indodax
1488,777650000.0,84.59,2024-02-13 12:23:55.872011,indodax
1489,777650000.0,84.59,2024-02-13 12:23:56.977469,indodax
1490,777650000.0,84.59,2024-02-13 12:23:58.059407,indodax
1491,777650000.0,84.59,2024-02-13 12:23:59.166328,indodax
1492,777650000.0,84.59,2024-02-13 12:24:00.225096,indodax
1493,777650000.0,84.59,2024-02-13 12:24:01.284396,indodax
1494,777650000.0,84.59,2024-02-13 12:24:02.357424,indodax
1495,777650000.0,84.59,2024-02-13 12:24:03.417493,indodax
1496,777650000.0,84.59,2024-02-13 12:24:04.503066,indodax
1497,777650000.0,84.57,2024-02-13 12:24:05.632983,indodax
1498,777650000.0,84.57,2024-02-13 12:24:06.749502,indodax
1499,777650000.0,84.59,2024-02-13 12:24:07.800104,indodax
1500,777650000.0,84.57,2024-02-13 12:24:08.875964,indodax
1501,777650000.0,84.57,2024-02-13 12:24:09.930831,indodax
1502,777650000.0,84.57,2024-02-13 12:24:10.992423,indodax
1503,777650000.0,84.57,2024-02-13 12:24:12.122685,indodax
1504,777650000.0,84.57,2024-02-13 12:24:13.236020,indodax
1505,777650000.0,84.57,2024-02-13 12:24:14.346194,indodax
1506,777650000.0,84.57,2024-02-13 12:24:15.466324,indodax
1507,777650000.0,84.57,2024-02-13 12:24:16.593294,indodax
1508,777650000.0,84.57,2024-02-13 12:24:17.705253,indodax
1509,777650000.0,84.57,2024-02-13 12:24:18.781295,indodax
1510,777650000.0,84.57,2024-02-13 12:24:19.865001,indodax
1511,777650000.0,84.57,2024-02-13 12:24:20.989674,indodax
1512,777650000.0,84.57,2024-02-13 12:24:22.105081,indodax
1513,777650000.0,84.57,2024-02-13 12:24:23.152000,indodax
1514,777650000.0,84.57,2024-02-13 12:24:24.268574,indodax
1515,777650000.0,84.57,2024-02-13 12:24:25.336773,indodax
1516,777650000.0,84.57,2024-02-13 12:24:26.396612,indodax
1517,777650000.0,84.57,2024-02-13 12:24:27.508836,indodax
1518,777650000.0,84.57,2024-02-13 12:24:28.606772,indodax
1519,777650000.0,84.57,2024-02-13 12:24:29.672287,indodax
1520,777650000.0,84.57,2024-02-13 12:24:30.787623,indodax
1521,777650000.0,84.57,2024-02-13 12:24:31.845113,indodax
1522,777650000.0,84.57,2024-02-13 12:24:32.973351,indodax
1523,777650000.0,84.57,2024-02-13 12:24:34.093251,indodax
1524,777650000.0,84.57,2024-02-13 12:24:35.149275,indodax
1525,777650000.0,84.57,2024-02-13 12:24:36.256826,indodax
1526,777650000.0,84.57,2024-02-13 12:24:37.318242,indodax
1527,777650000.0,84.57,2024-02-13 12:24:38.437021,indodax
1528,777650000.0,84.57,2024-02-13 12:24:39.497207,indodax
1529,777650000.0,84.57,2024-02-13 12:24:40.566614,indodax
1530,777650000.0,84.57,2024-02-13 12:24:41.668617,indodax
1531,777650000.0,84.57,2024-02-13 12:24:42.834006,indodax
1532,777650000.0,84.57,2024-02-13 12:24:43.900420,indodax
1533,777650000.0,84.57,2024-02-13 12:24:45.012976,indodax
1534,777650000.0,84.57,2024-02-13 12:24:46.125313,indodax
1535,777650000.0,84.57,2024-02-13 12:24:47.235613,indodax
1536,777650000.0,84.57,2024-02-13 12:24:48.346845,indodax
1537,777650000.0,84.57,2024-02-13 12:24:49.410879,indodax
1538,777650000.0,84.57,2024-02-13 12:24:50.490616,indodax
1539,777650000.0,84.57,2024-02-13 12:24:51.611997,indodax
1540,777650000.0,84.57,2024-02-13 12:24:52.823095,indodax
1541,777650000.0,84.57,2024-02-13 12:24:53.957385,indodax
1542,777650000.0,84.57,2024-02-13 12:24:55.063688,indodax
1543,777650000.0,84.57,2024-02-13 12:24:56.120081,indodax
1544,777650000.0,84.57,2024-02-13 12:24:57.228332,indodax
1545,777650000.0,84.57,2024-02-13 12:24:58.293550,indodax
1546,777649000.0,84.57,2024-02-13 12:24:59.476337,indodax
1547,777650000.0,84.57,2024-02-13 12:25:00.526409,indodax
1548,777649000.0,84.57,2024-02-13 12:25:01.663545,indodax
1549,777650000.0,84.57,2024-02-13 12:25:02.729101,indodax
1550,777649000.0,84.57,2024-02-13 12:25:03.792737,indodax
1551,777689000.0,84.64,2024-02-13 12:25:04.927016,indodax
1552,777689000.0,84.64,2024-02-13 12:25:06.057786,indodax
1553,777689000.0,84.64,2024-02-13 12:25:07.137869,indodax
1554,777689000.0,84.64,2024-02-13 12:25:08.245927,indodax
1555,777689000.0,84.64,2024-02-13 12:25:09.298233,indodax
1556,777689000.0,84.64,2024-02-13 12:25:10.366949,indodax
1557,777689000.0,84.64,2024-02-13 12:25:11.482099,indodax
1558,777689000.0,84.64,2024-02-13 12:25:12.596123,indodax
1559,777689000.0,84.64,2024-02-13 12:25:13.713542,indodax
1560,777689000.0,84.64,2024-02-13 12:25:14.764245,indodax
1561,777650000.0,84.64,2024-02-13 12:25:15.871917,indodax
1562,777689000.0,84.64,2024-02-13 12:25:16.952422,indodax
1563,777650000.0,84.64,2024-02-13 12:25:18.068693,indodax
1564,777650000.0,84.64,2024-02-13 12:25:19.191385,indodax
1565,777650000.0,84.64,2024-02-13 12:25:20.263380,indodax
1566,777650000.0,84.64,2024-02-13 12:25:21.325269,indodax
1567,777689000.0,84.64,2024-02-13 12:25:22.431250,indodax
1568,777689000.0,84.64,2024-02-13 12:25:23.543152,indodax
1569,777689000.0,84.64,2024-02-13 12:25:24.653430,indodax
1570,777689000.0,84.64,2024-02-13 12:25:25.702327,indodax
1571,777689000.0,84.64,2024-02-13 12:25:26.782934,indodax
1572,777689000.0,84.64,2024-02-13 12:25:27.838463,indodax
1573,777689000.0,84.64,2024-02-13 12:25:28.941976,indodax
1574,777689000.0,84.64,2024-02-13 12:25:30.060560,indodax
1575,777689000.0,84.64,2024-02-13 12:25:31.128813,indodax
1576,777689000.0,84.64,2024-02-13 12:25:32.189955,indodax
1577,777689000.0,84.64,2024-02-13 12:25:33.259738,indodax
1578,777689000.0,84.64,2024-02-13 12:25:34.413137,indodax
1579,777689000.0,84.64,2024-02-13 12:25:35.513949,indodax
1580,777689000.0,84.64,2024-02-13 12:25:36.590054,indodax
1581,777689000.0,84.64,2024-02-13 12:25:37.701382,indodax
1582,777689000.0,84.64,2024-02-13 12:25:38.743600,indodax
1583,777689000.0,84.64,2024-02-13 12:25:39.812567,indodax
1584,777689000.0,84.64,2024-02-13 12:25:40.915157,indodax
1585,777689000.0,84.64,2024-02-13 12:25:41.977744,indodax
1586,777689000.0,84.64,2024-02-13 12:25:43.080216,indodax
1587,777689000.0,84.64,2024-02-13 12:25:44.143371,indodax
1588,777689000.0,84.64,2024-02-13 12:25:45.252725,indodax
1589,777689000.0,84.64,2024-02-13 12:25:46.375103,indodax
1590,777689000.0,84.64,2024-02-13 12:25:47.430925,indodax
1591,777689000.0,84.64,2024-02-13 12:25:48.567363,indodax
1592,777689000.0,84.64,2024-02-13 12:25:49.674491,indodax
1593,777689000.0,84.64,2024-02-13 12:25:50.777806,indodax
1594,777650000.0,84.64,2024-02-13 12:25:51.934919,indodax
1595,777689000.0,84.64,2024-02-13 12:25:53.004984,indodax
1596,777689000.0,84.64,2024-02-13 12:25:54.057723,indodax
1597,777650000.0,84.64,2024-02-13 12:25:55.142345,indodax
1598,777651000.0,84.64,2024-02-13 12:25:56.201874,indodax
1599,777651000.0,84.64,2024-02-13 12:25:57.250384,indodax
1600,777651000.0,84.64,2024-02-13 12:25:58.298426,indodax
1601,777651000.0,84.64,2024-02-13 12:25:59.385622,indodax
1602,777651000.0,84.64,2024-02-13 12:26:00.476426,indodax
1603,777651000.0,84.64,2024-02-13 12:26:01.594264,indodax
1604,777651000.0,84.64,2024-02-13 12:26:02.712777,indodax
1605,777651000.0,84.64,2024-02-13 12:26:03.769214,indodax
1606,777689000.0,84.67,2024-02-13 12:26:04.901857,indodax
1607,777689000.0,84.67,2024-02-13 12:26:06.014977,indodax
1608,777689000.0,84.67,2024-02-13 12:26:07.086655,indodax
1609,777689000.0,84.67,2024-02-13 12:26:08.196255,indodax
1610,777689000.0,84.67,2024-02-13 12:26:09.254120,indodax
1611,777689000.0,84.67,2024-02-13 12:26:10.337912,indodax
1612,777689000.0,84.67,2024-02-13 12:26:11.450408,indodax
1613,777689000.0,84.67,2024-02-13 12:26:12.513452,indodax
1614,777689000.0,84.67,2024-02-13 12:26:13.584713,indodax
1615,777689000.0,84.67,2024-02-13 12:26:14.703897,indodax
1616,777689000.0,84.67,2024-02-13 12:26:15.770500,indodax
1617,777689000.0,84.67,2024-02-13 12:26:16.817712,indodax
1618,777689000.0,84.67,2024-02-13 12:26:17.986637,indodax
1619,777689000.0,84.67,2024-02-13 12:26:19.104630,indodax
1620,777689000.0,84.67,2024-02-13 12:26:20.204423,indodax
1621,777689000.0,84.67,2024-02-13 12:26:21.367905,indodax
1622,777689000.0,84.67,2024-02-13 12:26:22.474073,indodax
1623,777689000.0,84.67,2024-02-13 12:26:23.550163,indodax
1624,777689000.0,84.67,2024-02-13 12:26:24.621522,indodax
1625,777689000.0,84.67,2024-02-13 12:26:25.673434,indodax
1626,777689000.0,84.67,2024-02-13 12:26:26.720968,indodax
1627,777689000.0,84.67,2024-02-13 12:26:27.855720,indodax
1628,777689000.0,84.67,2024-02-13 12:26:28.918615,indodax
1629,777689000.0,84.67,2024-02-13 12:26:29.976350,indodax
1630,777689000.0,84.67,2024-02-13 12:26:31.087632,indodax
1631,777689000.0,84.67,2024-02-13 12:26:32.208454,indodax
1632,777689000.0,84.67,2024-02-13 12:26:33.362428,indodax
1633,777689000.0,84.67,2024-02-13 12:26:34.473404,indodax
1634,777689000.0,84.67,2024-02-13 12:26:35.542958,indodax
1635,777689000.0,84.67,2024-02-13 12:26:36.602586,indodax
1636,777689000.0,84.67,2024-02-13 12:26:37.666137,indodax
1637,777689000.0,84.67,2024-02-13 12:26:38.799948,indodax
1638,777689000.0,84.67,2024-02-13 12:26:39.855475,indodax
1639,777689000.0,84.67,2024-02-13 12:26:40.983875,indodax
1640,777689000.0,84.67,2024-02-13 12:26:42.060513,indodax
1641,777689000.0,84.67,2024-02-13 12:26:43.139179,indodax
1642,777689000.0,84.67,2024-02-13 12:26:44.193919,indodax
1643,777689000.0,84.67,2024-02-13 12:26:45.259665,indodax
1644,777689000.0,84.67,2024-02-13 12:26:46.364652,indodax
1645,777689000.0,84.67,2024-02-13 12:26:47.466356,indodax
1646,777689000.0,84.67,2024-02-13 12:26:48.590267,indodax
1647,777689000.0,84.67,2024-02-13 12:26:49.664209,indodax
1648,777689000.0,84.67,2024-02-13 12:26:50.781626,indodax
1649,777689000.0,84.67,2024-02-13 12:26:51.975308,indodax
1650,777689000.0,84.67,2024-02-13 12:26:53.035331,indodax
1651,777689000.0,84.67,2024-02-13 12:26:54.107261,indodax
1652,777689000.0,84.67,2024-02-13 12:26:55.205659,indodax
1653,777689000.0,84.67,2024-02-13 12:26:56.324415,indodax
1654,777689000.0,84.67,2024-02-13 12:26:57.389041,indodax
1655,777689000.0,84.67,2024-02-13 12:26:58.458621,indodax
1656,777689000.0,84.67,2024-02-13 12:26:59.517104,indodax
1657,777689000.0,84.67,2024-02-13 12:27:00.577492,indodax
1658,777689000.0,84.67,2024-02-13 12:27:01.656722,indodax
1659,777689000.0,84.67,2024-02-13 12:27:02.775326,indodax
1660,777689000.0,84.67,2024-02-13 12:27:03.821833,indodax
1661,777689000.0,84.64,2024-02-13 12:27:04.981330,indodax
1662,777689000.0,84.64,2024-02-13 12:27:06.118701,indodax
1663,777689000.0,84.64,2024-02-13 12:27:07.244369,indodax
1664,777689000.0,84.64,2024-02-13 12:27:08.385547,indodax
1665,777689000.0,84.64,2024-02-13 12:27:09.545164,indodax
1666,777689000.0,84.64,2024-02-13 12:27:10.622706,indodax
1667,777689000.0,84.64,2024-02-13 12:27:11.668568,indodax
1668,777689000.0,84.64,2024-02-13 12:27:12.788870,indodax
1669,777689000.0,84.64,2024-02-13 12:27:13.927944,indodax
1670,777689000.0,84.64,2024-02-13 12:27:15.036516,indodax
1671,777689000.0,84.64,2024-02-13 12:27:16.087209,indodax
1672,777689000.0,84.64,2024-02-13 12:27:17.210352,indodax
1673,777689000.0,84.64,2024-02-13 12:27:18.351094,indodax
1674,777689000.0,84.64,2024-02-13 12:27:19.397729,indodax
1675,777660000.0,84.64,2024-02-13 12:27:20.529923,indodax
1676,777689000.0,84.64,2024-02-13 12:27:21.580457,indodax
1677,777689000.0,84.64,2024-02-13 12:27:22.645744,indodax
1678,777689000.0,84.64,2024-02-13 12:27:23.693111,indodax
1679,777689000.0,84.64,2024-02-13 12:27:24.785168,indodax
1680,777660000.0,84.64,2024-02-13 12:27:25.843105,indodax
1681,777660000.0,84.64,2024-02-13 12:27:26.954397,indodax
1682,777660000.0,84.64,2024-02-13 12:27:28.057752,indodax
1683,777660000.0,84.64,2024-02-13 12:27:29.138327,indodax
1684,777660000.0,84.64,2024-02-13 12:27:30.184285,indodax
1685,777660000.0,84.64,2024-02-13 12:27:31.283874,indodax
1686,777660000.0,84.64,2024-02-13 12:27:32.394449,indodax
1687,777689000.0,84.64,2024-02-13 12:27:33.644818,indodax
1688,777689000.0,84.64,2024-02-13 12:27:34.698490,indodax
1689,777689000.0,84.64,2024-02-13 12:27:35.839242,indodax
1690,777689000.0,84.64,2024-02-13 12:27:36.968431,indodax
1691,777689000.0,84.64,2024-02-13 12:27:38.079349,indodax
1692,777689000.0,84.64,2024-02-13 12:27:39.144414,indodax
1693,777689000.0,84.64,2024-02-13 12:27:40.197152,indodax
1694,777689000.0,84.64,2024-02-13 12:27:41.259485,indodax
1695,777689000.0,84.64,2024-02-13 12:27:42.374055,indodax
1696,777689000.0,84.64,2024-02-13 12:27:43.532364,indodax
1697,777689000.0,84.64,2024-02-13 12:27:44.605356,indodax
1698,777689000.0,84.64,2024-02-13 12:27:45.673743,indodax
1699,777692000.0,84.64,2024-02-13 12:27:46.782508,indodax
1700,777689000.0,84.64,2024-02-13 12:27:47.864090,indodax
1701,777689000.0,84.64,2024-02-13 12:27:48.963851,indodax
1702,777692000.0,84.64,2024-02-13 12:27:50.084610,indodax
1703,777692000.0,84.64,2024-02-13 12:27:51.132111,indodax
1704,777692000.0,84.64,2024-02-13 12:27:52.245413,indodax
1705,777692000.0,84.64,2024-02-13 12:27:53.361997,indodax
1706,777692000.0,84.64,2024-02-13 12:27:54.482487,indodax
1707,777692000.0,84.64,2024-02-13 12:27:55.551275,indodax
1708,777692000.0,84.64,2024-02-13 12:27:56.604216,indodax
1709,777692000.0,84.64,2024-02-13 12:27:57.660529,indodax
1710,777692000.0,84.64,2024-02-13 12:27:58.765855,indodax
1711,777692000.0,84.64,2024-02-13 12:27:59.818213,indodax
1712,777692000.0,84.64,2024-02-13 12:28:00.884594,indodax
1713,777692000.0,84.64,2024-02-13 12:28:02.018898,indodax
1714,777692000.0,84.64,2024-02-13 12:28:03.118619,indodax
1715,777692000.0,84.64,2024-02-13 12:28:04.187748,indodax
1716,777661000.0,84.67,2024-02-13 12:28:05.247840,indodax
1717,777661000.0,84.67,2024-02-13 12:28:06.391987,indodax
1718,777661000.0,84.67,2024-02-13 12:28:07.512340,indodax
1719,777661000.0,84.67,2024-02-13 12:28:08.566131,indodax
1720,777661000.0,84.67,2024-02-13 12:28:09.697319,indodax
1721,777661000.0,84.67,2024-02-13 12:28:10.774078,indodax
1722,777661000.0,84.67,2024-02-13 12:28:11.833721,indodax
1723,777661000.0,84.67,2024-02-13 12:28:12.894612,indodax
1724,777661000.0,84.67,2024-02-13 12:28:13.956972,indodax
1725,777661000.0,84.67,2024-02-13 12:28:15.004716,indodax
1726,777661000.0,84.67,2024-02-13 12:28:16.061296,indodax
1727,777692000.0,84.67,2024-02-13 12:28:17.138980,indodax
1728,777692000.0,84.67,2024-02-13 12:28:18.256316,indodax
1729,777661000.0,84.67,2024-02-13 12:28:19.336743,indodax
1730,777692000.0,84.67,2024-02-13 12:28:20.441281,indodax
1731,777692000.0,84.67,2024-02-13 12:28:21.562112,indodax
1732,777692000.0,84.67,2024-02-13 12:28:22.672552,indodax
1733,777692000.0,84.67,2024-02-13 12:28:23.728134,indodax
1734,777692000.0,84.67,2024-02-13 12:28:24.786177,indodax
1735,777692000.0,84.67,2024-02-13 12:28:25.892048,indodax
1736,777692000.0,84.67,2024-02-13 12:28:27.015932,indodax
1737,777692000.0,84.67,2024-02-13 12:28:28.067623,indodax
1738,777692000.0,84.67,2024-02-13 12:28:29.206764,indodax
1739,777692000.0,84.67,2024-02-13 12:28:30.307039,indodax
1740,777753000.0,84.67,2024-02-13 12:28:31.475085,indodax
1741,777753000.0,84.67,2024-02-13 12:28:32.603254,indodax
1742,777692000.0,84.67,2024-02-13 12:28:33.675377,indodax
1743,777753000.0,84.67,2024-02-13 12:28:34.753258,indodax
